1977 3028
41 164 100 199 Pia
132 158 333 195 ‘testatricis
349 159 504 194 voluntas
528 172 585 206 per
608 170 764 203 eentum,
797 162 829 200 &
855 161 911 207 qui
941 171 1127 198 excurrunt
1146 173 1276 204 annos,
1303 165 1366 199 hac
1392 132 1561 204 methocig

85 209 217 244 servata
241 206 307 243 fuit
323 233 333 246 ,
360 216 396 240 ut
421 207 556 243 sodales
573 234 583 248 ,
611 221 739 255 praevio
762 209 926 248 scrutinio
943 235 952 248 ‚
978 211 1195 245 admitterent
1224 212 1382 253 Puella,
1411 226 1554 260 quarum

85 255 226 305 nomina
243 255 276 289 in
296 266 414 306 urnam
428 254 532 291 ess'ent
559 258 792 299 conjicienda,
818 258 948 298 rejectis
968 257 1007 290 iis
1024 282 1033 295 ,
1061 271 1134 304 qute
1157 270 1309 294 carerent
1333 262 1554 308 qualitatibus

86 302 185 341 ill-is.
208 313 292 347 quas
317 303 430 339 voluit
447 303 617 338 Testatrix
634 329 644 341 ‚
670 305 703 340 8<
720 316 763 339 ex
787 305 929 339 admistis
954 302 1050 341 fieret
1070 306 1205 340 iurtitio
1233 307 1355 341 Puella:
1381 335 1389 347 ,
1414 311 1469 344 cui
1491 311 1552 346 dos

85 349 168 386 esset
211 349 371 385 rttstanda
386 373 397 384 .
427 350 526 386 Hanc
540 352 736 387 methodum
753 353 932 388 turbarunt
948 352 1006 385 die
1032 352 1083 385 18.
1102 351 1218 386 Martii
1240 364 1329 387 anno
1352 366 1446 400 1749.
1464 369 1552 402 qua-

85 409 165 434 tuor
213 397 316 433 uella:
328 409 370 434 ex
381 396 437 432 sex
451 423 461 437 ,
484 410 559 445 qua:
574 400 760 442 petebant,
788 408 825 434 ut
839 399 1120 437 admittere-ntum
1141 401 1216 434 duic
1232 401 1393 445 liquidem
1408 404 1551 441 admtffae

85 447 223 481 fuerunt
238 472 248 485 ,
272 453 417 493 quatuor
431 457 490 489 per
519 445 723 482 scrutinium
748 447 919 483 sodalium
943 446 1072 487 rejectae
1103 445 1236 482 suerunt
1251 475 1259 485 ‚
1289 455 1377 491 quod
1398 461 1551 486 carercnt

84 493 306 540 qualitatibus
324 504 342 527 a
368 491 561 528 Testatrice
586 491 765 538 designatis
785 519 793 527 .
822 493 969 535 cheClae
995 494 1034 526 ad
1064 493 1265 541 Episcopum
1295 495 1550 543 confugerunt,

83 541 144 587 qui
160 551 224 586 ope
241 538 372 576 Vicarii
386 538 433 574 sui
457 539 641 577 Generalis
661 540 873 576 sortitionem
890 540 1018 576 distulit
1033 541 1073 576 ad
1096 541 1188 575 diem
1219 554 1270 581 ις.
1290 545 1429 588 Augusti
1449 571 1458 583 ,
1484 557 1549 590 qua

83 588 219 625 festum
235 587 481 633 Assumptionis
507 587 704 624 Beatiffimae
722 589 874 636 Virginis
899 589 1016 633 agitur
1035 613 1043 621 .
1074 587 1143 633 lpse
1170 589 1308 623 interim
1334 590 1551 628 constitutio-

81 646 164 678 nes,
192 637 226 675 ὃς
253 636 373 671 statuta
403 636 462 677 huj
482 647 504 670 vs
534 635 718 678 Sodalitii,
750 636 832 671 licet
861 637 981 678 caiam
1013 636 1148 670 haberet
1168 662 1177 674 ‚
1211 636 1356 681 scripsit.
1386 640 1550 674 Adventa

81 685 135 718 die
153 693 205 729 ις.
222 681 364 730 Augusti
378 709 388 722 ‚
418 681 592 719 Antonius
608 682 785 730 Pezzaglia
801 683 928 719 Rector
942 683 1155 718 parochialis
1185 683 1307 719 Ecclest
1321 700 1334 719 e
1353 687 1460 719 Sancti
1476 687 1548 721 Sil-

81 729 216 772 vestri,
240 731 438 774 itajubente
454 729 645 777 Episcopo,
674 728 866 767 Puellarum
883 731 1093 767 sortitionem
1110 730 1212 769 fecit,
1238 735 1267 766 ἃ
1285 742 1370 778 quot
1395 733 1547 774 admisit,

80 787 135 814 tot
154 779 303 816 extraxit
319 778 360 812 ab
373 788 479 814 urna:
505 777 667 829 Qatuor
683 778 730 814 ha:
747 778 883 815 fuerunt
898 802 907 817 ,
933 790 1015 826 quas
1030 781 1124 814 inter
1138 787 1203 813 tres
1231 781 1356 821 reject-2·
1384 779 1512 815 fuerant
1528 793 1547 816 a

79 825 258 862 Sodalibus
274 826 329 860 die
349 829 399 862 16.
421 825 565 861 Martii.
592 825 732 860 sodales
746 825 788 861 ad
805 827 870 862 hoc
897 829 1034 863 Sacrum
1060 826 1217 861 tribunal
1236 827 1483 872 confugerunt,
1512 829 1544 864 δι

78 873 162 910 data
175 872 259 915 fuit,
279 883 317 909 ut
332 872 433 908 moris
451 872 496 907 est
509 898 518 911 ,
538 872 578 905 ad
597 872 791 918 Episcopum
805 874 948 918 Epistola
963 899 971 907 .
1000 873 1183 918 Episcopus
1198 899 1207 912 ,
1231 867 1409 921 antequam
1430 876 1545 911 rescri-

77 922 197 960 beret,
222 920 514 959 mandaviteidem
529 919 666 955 Rcoori
691 919 901 957 Parochialis
921 920 1070 957 Ecclesia:
1094 921 1114 954 S
1139 922 1203 956 ηέῖι
1220 923 1370 957 silvestri
1386 950 1394 962 ‚
1419 932 1454 957 ut
1480 925 1545 957 So·

77 966 216 1005 dalibus
229 977 431 1015 proponeret
446 965 567 1002 statuta
582 993 591 1006 ,
621 979 693 1015 quae
707 968 775 1013 ipse
791 967 965 1014 scripserat
982 991 992 1002 .
1019 968 1117 1002 Ltcta
1135 969 1204 1004 httc
1222 969 1376 1008 sut-runt,
1402 981 1542 1004 eorum·

76 1027 143 1063 que
155 1016 268 1063 capita
279 1015 403 1052 omittis
421 1013 567 1052 secundo
584 1040 593 1053 ‚
619 1015 769 1052 &tertio
786 1042 796 1055 ,
821 1027 893 1062 quae
908 1019 946 1052 ad
963 1028 1029 1051 rem
1047 1027 1112 1051 non
1127 1027 1297 1061 pertinent
1347 1019 1415 1053 h.cc
1431 1019 1540 1057 lunt„

78 1088 103 1103 „
131 1064 158 1100 1.
172 1063 248 1099 Che
263 1064 341 1109 ogni
355 1063 448 1099 volta
462 1060 567 1096 debba
579 1062 654 1098 farfi
681 1062 966 1111 Congregazione
981 1074 1040 1107 per
1064 1063 1260 1109 qualunque
1276 1062 1374 1098 affare
1391 1067 1441 1099 &c
1470 1076 1538 1100 non

76 1135 103 1153 ‚,
127 1111 216 1156 possa
232 1110 304 1148 farsi
319 1123 382 1149 con
393 1110 500 1145 minor
517 1122 659 1148 nurnero
671 1111 702 1146 di
718 1111 782 1146 due
794 1110 898 1145 Tei-zi
914 1111 972 1146 dei
989 1111 1128 1146 Fratelli
1158 1113 1345 1146 altrimenti
1365 1112 1407 1146 sia
1422 1114 1516 1146 nulla
1529 1139 1539 1147 .

76 1183 104 1200 „
130 1159 193 1195 lv.
210 1158 287 1193 Che
303 1170 321 1194 a
335 1170 450 1195 norma
464 1158 518 1192 del
533 1157 758 1195 Testamento
772 1157 804 1193 di
819 1157 999 1194 Mansueta
1017 1156 1142 1200 Marsilj
1155 1158 1206 1192 &c
1232 1158 1316 1202 possa
1343 1160 1538 1205 qualunque

75 1231 101 1246 ‚,
127 1205 253 1242 Zitella
266 1206 321 1241 del
335 1206 405 1241 solo
418 1204 567 1241 Castello
581 1206 638 1242 del
654 1207 790 1252 Piegaro
807 1232 816 1245 ,
843 1217 860 1239 e
876 1206 942 1240 suoi
963 1204 1062 1251 Borgi
1078 1217 1275 1242 concorrese
1290 1231 1300 1245 ‚
1328 1207 1451 1252 pirche
1467 1218 1535 1241 non

74 1276 100 1293 ³,
124 1254 167 1289 sta
185 1254 314 1289 minore
328 1253 363 1289 d'
376 1253 455 1289 anni
476 1265 525 1294 ις.
545 1253 589 1289 V.
615 1253 689 1290 Che
702 1254 894 1301 qua'unque
911 1251 1034 1287 Zitella
1057 1278 1066 1291 ,
1100 1254 1163 1289 che
1189 1256 1301 1298 vogl'a
1315 1265 1510 1288 concorrere
1526 1280 1535 1293 ,

75 1325 100 1341 ω
123 1302 233 1339 debba
248 1300 316 1338 due
330 1301 405 1336 mesi
432 1301 551 1336 avanti
571 1301 594 1336 il
608 1302 727 1347 giorno
745 1300 825 1335 dell'
839 1299 981 1336 Assunta
997 1327 1006 1338 ,
1032 1313 1051 1335 o
1065 1300 1100 1335 di
1130 1309 1225 1334 santa
1248 1302 1355 1336 Maria
1371 1303 1399 1334 di
1417 1303 1536 1336 Marzo

74 1373 99 1388 ³,
125 1359 204 1384 aver
221 1348 415 1393 presentato
430 1348 463 1382 in
479 1359 577 1383 mano
597 1349 654 1385 del
669 1349 784 1385 Priore
805 1359 869 1393 pro
898 1358 1049 1396 tempore
1066 1348 1087 1382 il
1115 1352 1247 1383 Memor
1265 1349 1317 1383 ale
1344 1358 1535 1392 approvato

74 1421 98 1436 ,‚
123 1396 179 1431 dal
195 1395 345 1432 Pievano
358 1395 611 1431 coll'attestato
625 1397 656 1433 di
675 1405 815 1442 poverta
829 1420 839 1433 ‚
862 1395 975 1430 onesta
994 1422 998 1427 .
1027 1398 1065 1430 ed
1080 1396 1155 1429 altri
1174 1396 1324 1440 nquititi
1343 1420 1352 1429 .
1382 1397 1407 1429 V
1420 1403 1443 1430 1.
1457 1396 1534 1430 Che

71 1467 97 1482 2,
121 1443 318 1489 qualunque
333 1442 458 1478 Zitelle
474 1470 483 1482 ,
513 1443 544 1478 le
561 1444 650 1490 quali
666 1444 754 1478 siano
774 1452 852 1477 nate
872 1454 907 1476 in
933 1442 1053 1487 questo
1068 1442 1215 1477 castello
1263 1455 1280 1476 e
1297 1444 1366 1478 suoi
1387 1443 1532 1487 Pmrghi5

73 1515 98 1531 ,‚
123 1502 175 1525 ma
188 1489 226 1525 di
252 1490 360 1527 Padre
374 1516 383 1529 ,
411 1501 430 1523 e
443 1491 563 1526 Madre
580 1490 743 1527 forastiert
763 1501 831 1524 non
849 1490 974 1536 pollino
988 1489 1190 1526 amuietterst
1206 1517 1214 1528 ,
1242 1492 1270 1525 se
1298 1493 1369 1524 lt-ro
1395 1490 1503 1525 Padre
1521 1517 1533 1531 ‚

73 1561 97 1577 „
124 1549 142 1572 e
160 1537 282 1573 Madre
296 1549 363 1573 non
390 1537 424 1574 ci
439 1538 580 1572 abbiano
594 1538 779 1585 acquistato
793 1537 969 1574 domicilio
984 1540 1066 1573 coll²
1079 1550 1188 1573 averet
1204 1539 1376 1573 diu-orato
1396 1538 1532 1573 altueno

70 1583 325 1627 „‘diecianni.
353 1584 433 1621 Vll,
462 1586 538 1621 Che
559 1595 634 1620 otto
658 1587 773 1633 giorm
801 1586 915 1620 avanti
950 1585 1131 1621 l'Atlunta
1156 1611 1164 1626 ,
1189 1600 1211 1620 o
1236 1592 1334 1622 ,santa
1364 1587 1477 1621 Maria
1493 1584 1532 1620 di

72 1657 98 1673 2,
123 1632 248 1669 Μαι-ΖΟ
264 1632 368 1668 debba
395 1633 590 1669 convocarst
609 1634 638 1668 la
663 1636 951 1680 Congregazione
971 1662 980 1674 ,
1009 1636 1099 1669 nella
1121 1637 1217 1668 ‹iualc
1234 1634 1254 1669 fi
1273 1637 1391 1679 legzno
1408 1634 1428 1667 li
1452 1634 1533 1668 Me-

71 1703 96 1720 ,‚
122 1679 261 1716 moriali
275 1681 363 1718 delle
377 1679 500 1716 Zitelle
518 1708 527 1721 ,
554 1692 572 1716 e
589 1680 611 1715 st
628 1681 780 1717 scrivino
803 1680 826 1716 li
843 1682 935 1716 nonii
952 1684 985 1717 (Η
1000 1681 1065 1717 esse
1083 1684 1115 1716 in
1130 1695 1174 1718 un
1192 1684 1322 1729 foglio,
1346 1694 1362 1715 e
1375 1682 1427 1715 nel
1442 1692 1533 1727 gior-

69 1752 96 1767 „
123 1728 258 1764 nodell'
273 1728 481 1765 estrazzione
493 1729 579 1764 detti
601 1729 691 1764 nomi
719 1728 828 1764 scritti
847 1731 880 1763 in
913 1730 1049 1776 brigioli
1069 1731 1178 1775 eguali
1197 1731 1216 1764 si
1242 1729 1387 1764 mettino
1410 1728 1533 1763 dentro

69 1798 94 1815 „
121 1786 187 1809 una
209 1777 362 1817 beretta,
387 1776 440 1822 poi
466 1776 488 1811 fi
504 1776 629 1812 chiami
657 1789 700 1811 un
727 1777 905 1823 Ragazzo,
937 1779 999 1813 che
1027 1789 1068 1811 ne
1096 1777 1243 1823 estragga
1265 1789 1354 1815 uno,
1379 1788 1396 1809 e
1417 1778 1534 1821 quella.

69 1847 96 1863 2,
122 1821 246 1858 Zitella
264 1824 363 1859 abbia
378 1826 408 1859 la
421 1824 525 1859 dote.
555 1823 584 1857 V
597 1822 653 1858 lii.
671 1823 747 1859 Chc
762 1824 796 1858 in
813 1825 1010 1870 qualunque
1024 1825 1188 1859 difficolta
1205 1824 1294 1868 poffa
1319 1835 1495 1859 occurrere
1508 1822 1534 1859 st

69 1895 94 1911 ‚,
118 1872 248 1906 ricorra
262 1872 295 1906 al
316 1872 465 1907 Pievan‘)
481 1899 492 1912 ,
517 1871 560 1906 ed
577 1872 610 1904 in
624 1871 699 1905 caso
721 1882 790 1905 non
806 1872 881 1906 resti
909 1871 1014 1918 sopita
1028 1897 1038 1910 ,
1068 1872 1089 1906 si
1104 1882 1232 1907 ricorra
1245 1884 1262 1905 a
1291 1873 1504 1916 Monlignore
1520 1894 1532 1909 ,

69 1942 92 1957 .,
114 1919 139 1952 b
154 1917 294 1954 Vicario
307 1918 476 1954 Generale
493 1947 502 1955 .

23 1963 110 2000 Haec
124 1963 250 2002 statuta
267 1979 334 2002 uno
349 1966 512 2002 consensu
526 1979 544 2002 a
569 1966 753 2002 Sodalibus
766 1967 884 2008 reiecta
901 1967 1058 2002 fuerunt.
1088 1966 1166 2002 Post
1182 1969 1252 2003 haec
1278 1964 1437 2011 rescripsit
1454 1964 1530 2010 Epi-

69 2011 208 2058 scopus,
231 2013 290 2049 sed
305 2026 373 2049 rem
389 2016 487 2061 longe
503 2015 603 2050 aliter
627 2016 806 2053 nzrraviu
832 2019 999 2050 Attenim
1022 2015 1158 2050 Sodales
1186 2027 1252 2050 urio
1276 2012 1433 2050 consensu
1457 2012 1532 2046 ani-

69 2063 203 2095 morum
215 2060 408 2096 conventss‘e
423 2063 596 2097 condenda
614 2061 679 2097 esse
702 2062 847 2097 statuta:
873 2063 924 2098 his
951 2062 1099 2097 conditis
1113 2090 1121 2102 ‚
1146 2063 1241 2106 juxta
1266 2074 1379 2098 eorum
1397 2058 1531 2103 dispofi-

69 2105 200 2143 tionem
225 2108 346 2144 factum
371 2108 464 2144 fuisse
482 2111 674 2145 Puellarum
697 2111 924 2145 concursum
956 2111 1048 2145 Hinc
1073 2111 1247 2156 precibus,
1277 2122 1357 2157 quas
1390 2108 1531 2144 Sodales

68 2153 266 2192 obtulerant
279 2184 292 2198 ‚
309 2158 506 2204 rescriptum
524 2157 588 2192 fuit
602 2159 645 2193 ab
658 2159 720 2192 hoc
734 2160 837 2192 Sacro
869 2157 1041 2193 sribunali
1056 2176 1090 2184 -·
1105 2160 1239 2194 Lec‘lnm
1253 2185 1263 2199 ,
1290 2165 1333 2195 (φ
1348 2159 1527 2203 EpiJcopus

64 2203 203 2239 mandet
216 2204 499 2248 Jervarc'slatuta
519 2233 526 2239 .
554 2206 627 2240 fias
653 2216 737 2240 artes
765 2205 921 2248 Episcopi
949 2206 1004 2239 ubi
1030 2216 1243 2251 agnoverunt
1270 2205 1405 2241 Sodales
1427 2232 1435 2243 ‚
1461 2204 1529 2237 ite-

68 2259 145 2283 rum
157 2253 480 2296 precesobtulerunt
503 2253 776 2288 Eminentissimis
798 2253 976 2292 Patribus,
1004 2254 1190 2299 iterumque
1208 2255 1341 2288 auditus
1356 2252 1421 2288 fuit
1446 2249 1529 2296 Epi-

69 2295 186 2340 scopus
199 2319 213 2332 .
233 2297 284 2333 Ut
297 2301 347 2342 ius
367 2298 462 2335 suum
475 2301 659 2346 unicuique
687 2301 879 2340 tribuatur,
908 2300 1016 2335 Causa
1039 2312 1126 2335 nunc
1144 2301 1342 2346 proponitur
1357 2325 1364 2334 .
1392 2299 1529 2345 Urgent

67 2342 204 2378 Sodales
217 2344 428 2382 voluntatem
445 2346 641 2382 Testatricis
666 2347 731 2382 esse
748 2348 944 2383 servandam
962 2375 970 2387 ,
997 2350 1028 2383 8<
1050 2348 1147 2389 juxta
1173 2361 1247 2383 eam
1262 2351 1359 2382 dotes
1387 2345 1449 2381 esse
1472 2345 1528 2379 di—

65 2389 272 2426 stribuendas
289 2419 298 2430 2
322 2393 594 2438 praemittendum
618 2395 726 2441 igitur
741 2395 923 2430 necessario
938 2395 1002 2429 effe
1026 2396 1247 2435 scrutinium,
1273 2405 1310 2429 ut
1337 2395 1527 2439 inquiratur

64 2437 106 2472 de
118 2438 341 2484 qualitatibus
353 2467 364 2481 ,
387 2453 467 2487 quas
483 2442 554 2490 ipsa
568 2443 703 2484 voluit,
727 2444 756 2477 δι
773 2454 843 2488 qus:
863 2442 936 2477 illas
958 2443 1086 2477 habent
1100 2470 1109 2483 ‚
1138 2443 1259 2478 Puella·
1275 2442 1500 2477 admittantur
1516 2467 1526 2480 ‚

65 2495 139 2528 qus:
152 2485 194 2521 iis
207 2496 344 2526 carent,
369 2489 588 2531 t·eiiciantur;
619 2491 707 2524 inter
720 2489 875 2526 admissas
890 2489 1003 2529 sorte,
1033 2491 1062 2525 &
1090 2502 1172 2524 urna
1202 2489 1437 2536 praelationein
1462 2487 1527 2522 de-

65 2531 183 2568 finiri:
208 2533 294 2568 hanc
317 2535 510 2571 methodum
534 2538 700 2571 servatam
726 2536 821 2572 fuiss'e
845 2539 1000 2572 hactenus
1028 2549 1086 2583 per
1110 2547 1247 2572 centum
1264 2563 1273 2576 ,
1301 2537 1330 2570 δι
1348 2537 1435 2570 ultra
1463 2545 1527 2568 an-

64 2589 147 2614 nos:
172 2580 305 2617 statuta
321 2581 481 2629 Episcopi
498 2609 506 2622 ‚
529 2596 600 2629 qua:
613 2596 734 2619 novam
749 2584 889 2619 formam
916 2585 1082 2619 inducunt
1098 2610 1107 2624 ,
1132 2583 1303 2620 voluntati
1322 2582 1526 2617 Testatricis

64 2627 236 2678 adversari
253 2655 262 2668 ,
279 2628 477 2675 adstringere
494 2630 686 2667 libertatem
701 2657 710 2672 ,
737 2633 769 2667 &
789 2632 939 2678 iniquam
953 2631 1185 2666 conditionem
1200 2630 1321 2666 inferre
1343 2657 1352 2670 ‚
1365 2631 1395 2665 ὅ(
1422 2629 1526 2665 Puel-

62 2673 104 2726 lis
118 2701 127 2714 ‚
154 2676 184 2710 ὅ(
201 2676 381 2712 Sodalibus
398 2690 407 2709 ε
427 2679 572 2723 primum
590 2705 599 2718 ,
624 2680 653 2712 &
668 2689 824 2725 quartum
846 2691 960 2714 eorum
978 2679 1092 2719 Caput
1116 2690 1265 2727 pugnare
1288 2689 1364 2713 cuin
1393 2676 1524 2722 dispost-

62 2730 154 2757 tione
168 2724 249 2764 luris
261 2750 270 2763 ,
300 2737 365 2770 qua
379 2736 516 2761 cautum
529 2726 575 2760 est
590 2753 598 2765 ‚
622 2735 658 2759 ut
671 2727 748 2761 satis
763 2728 802 2761 sit
820 2729 924 2767 maior
938 2739 1015 2772 pars
1032 2726 1200 2773 Corporis
1213 2752 1222 2765 ‚
1247 2725 1425 2770 Collegit,
1448 2723 1522 2758 Ca-

63 2769 193 2815 pituli,
220 2779 257 2806 ut
271 2771 335 2807 'rite
349 2798 361 2813 ,
389 2776 544 2822 reeteque
562 2773 645 2809 faeta
662 2775 792 2811 dicatur
805 2775 1032 2812 deliberatio:
1060 2775 1200 2812 euellas
1213 2785 1280 2811 non
1293 2771 1523 2817 decimoquin-

1413 2829 1450 2854 to
1466 2843 1477 2858 ‚
