1977 3028
1571 113 1614 150 ¹9

132 145 159 169 Ἴ
177 140 388 178 ASALEN.
411 140 531 176 Tanto
550 142 703 179 martem
731 142 895 181 Muficam
913 155 1029 184 amore
1054 147 1227 186 ferebatur
1253 150 1401 192 Jacobus
1431 151 1611 190 Antonius
1671 159 1929 202 Seſs.2s.Decr.

125 202 156 227 A
187 190 334 225 Paltrius
345 189 541 225 Canonicus
553 217 562 229 ‚
580 190 610 225 δι
623 190 756 227 Cantor
769 191 987 236 Cathedralis
1001 195 1159 233 Ecclefiae
1171 207 1228 237 ,ut
1244 200 1441 246 erogaverit
1454 200 1604 247 sc.3450.
1644 206 1682 241 de
1713 206 1819 248 obser.
1835 232 1844 246 ‚
1877 212 1922 244 εἴφ’

124 237 161 272 in
175 237 365 271 extruendo
381 237 521 283 Organo
545 236 934 279 ejusdemecathedratis
949 269 958 281 ,
985 244 1128 279 obducto
1154 256 1239 281 auro
1253 272 1262 285 ‚
1296 245 1464 293 variisque
1483 249 1606 295 operi·
1643 256 1731 288 evit.
1745 256 1779 288 in
1792 254 1920 292 Celebr-

123 284 189 319 bus
205 311 213 323 ,
243 285 277 320 ἃ
298 283 506 330 imaginibus
520 296 561 319 eo
575 286 754 332 eleganter
767 297 910 326 ornato,·
939 289 1276 333 'sestamentowerm
1301 295 1393 338 quod
1405 296 1530 342 scripsit
1543 308 1603 332 an-
1643 301 1739 348 Miss-

124 344 171 366 no
187 342 283 379 1722.
299 358 309 371 ,
324 332 477 378 pluribus
493 331 618 367 relicus
640 333 763 380 legatis
776 359 787 372 ‚
813 346 943 371 annuos
960 349 1118 373 nummos
1132 348 1313 384 argenteos
1327 341 1533 390 Philippaeos
1552 345 1605 380 bi-

123 379 278 416 scentum
294 379 722 427 legavitperstipendiare
743 408 753 422 ‚
778 397 795 417 e
809 393 1004 420 mantenere
1022 398 1065 420 un
1083 391 1161 422 Coro
1170 389 1209 424 de
1229 388 1576 437 Musteipibiperfhtti
1592 419 1604 434 ‚

127 428 225 472 chesi
240 436 414 475 potranno
430 439 538 463 avere
552 439 610 461 con
635 429 670 463 la
688 430 786 476 spesa
809 431 900 466 della
917 432 1058 473 sudetta
1069 434 1224 477 mema,
1252 435 1283 470 δι
1309 445 1473 481 reputans
1492 439 1602 475 Scho-

128 475 195 512 lam
211 500 223 515 ,
248 472 522 520 collegiumque
536 473 749 511 Muficorum
766 476 899 512 institui
920 478 1010 524 poss'e
1025 506 1035 519 ,
1064 492 1149 517 onus
1162 481 1258 517 dedit
1281 483 1444 519 Praefecto
1460 485 1601 524 Muficae

128 525 162 558 di
172 525 232 569 far
245 525 282 557 di
299 530 411 568 tempo
429 525 464 557 in
490 531 606 570 tempo.
627 524 714 559 dellc‘
743 525 892 561 Allievi
903 535 971 573 per
997 533 1264 566 mantenimento
1280 533 1317 567 di
1340 534 1435 568 detto
1462 538 1542 569 Coro
1565 537 1602 571 di

127 570 244 614 Musici
258 595 268 609 ‚
297 571 337 604 ed
353 569 532 615 lnfhgnare
545 571 579 604 in
592 573 732 616 seguito
748 585 766 604 a
781 575 844 608 due
859 577 1019 621 Soggetti
1033 580 1152 623 capaci
1163 580 1206 612 ad
1219 579 1394 623 imparare
1407 583 1503 617 detta
1518 581 1600 617 vir—

125 619 163 654 tu*
175 642 185 651 .
208 615 246 650 ln
261 615 404 662 reliquis
420 616 516 652 bonis
531 617 696 652 haeredem
711 618 824 655 voluit
839 620 1002 657 Animam
1019 622 1109 658 suam
1125 650 1135 664 ,
1162 624 1321 671 juffitque
1334 651 1344 665 ,
1364 636 1402 661 ut
1420 629 1574 674 impletis
1587 654 1600 670 ,

124 663 310 709 solutisque
327 662 446 710 legatis
461 691 470 704 ‚
501 665 705 712 reintegrari
722 667 860 703 deberet
884 667 1066 705 haereditas
1086 683 1128 707 ex
1144 670 1306 708 fruCtibus
1322 699 1332 713 ,
1356 676 1413 720 qui
1443 676 1598 721 superes-

124 713 222 750 fem,
246 712 290 745 de
303 710 382 746 scut.
403 721 503 755 3450.
521 712 670 758 erogatis
686 714 721 749 in
747 715 925 763 Organum
938 743 948 757 ,
975 717 1111 765 aliaque
1125 730 1226 766 opera
1247 719 1280 754 in
1295 720 1445 757 Ecclesia
1459 722 1599 759 Cathe-

122 758 215 795 drali
229 785 240 798 ‚
263 770 339 804 quae
361 758 518 794 investiri
535 760 700 795 deberent
717 788 726 801 ‚
753 772 790 797 ut
807 764 900 800 sacra
915 776 1122 812 agerentur;
1144 766 1258 814 quod,
1285 768 1307 803 fi
1320 769 1476 806 redditus
1492 772 1600 808 haere—

123 805 245 841 ditarii
262 817 330 840 non
344 805 425 841 satis
446 805 553 841 effent
570 808 749 855 implendis
766 810 890 857 legatis
904 814 1088 854 ommbus,
1113 815 1229 851 voluit
1241 841 1250 855 ,
1281 817 1340 852 che
1354 820 1509 865 inprimo
1523 822 1600 856 luo-

119 866 166 901 go
175 866 239 901 per
254 854 282 889 il
310 857 576 891 mantenimento
591 857 933 904 dellaprenominata
951 861 1278 906 Mtrficasidebbano
1303 866 1392 902 dalli
1410 868 1541 902 redditi
1560 870 1598 902 di

123 904 221 938 detta
235 901 371 938 eredita*
396 902 541 943 estrarre
556 909 633 949 ogn'
647 916 730 939 anno
743 932 753 944 ‚
781 909 822 942 ed
835 911 870 942 in
888 915 1059 955 perpetuo
1072 912 1103 946 li
1118 912 1258 946 ducento
1277 912 1409 961 filippi
1421 916 1455 948 d’
1466 927 1596 962 argen-

124 958 182 987 t0;
209 960 310 995 atque
328 950 375 983 ita
396 947 561 984 Musicam
576 973 584 989 ,
615 950 648 984 8(
665 949 812 987 Muficos
827 955 982 1000 praetulit
996 955 1182 992 Sacrificiis
1198 981 1208 991 .

73 995 256 1034 Codicillis
270 996 389 1030 deinde
413 995 537 1031 eodem
551 1008 639 1032 anno
666 1000 815 1035 conditis
832 1028 842 1042 ,
869 1014 938 1037 non
955 1001 1060 1037 solum
1086 1005 1313 1042 confirmavit
1338 1007 1489 1056 legatum
1504 1009 1596 1046 illud

123 1043 395 1089 Philipp-rorum
411 1043 606 1080 biscentum
620 1068 628 1082 ‚
656 1045 710 1080 sed
722 1048 924 1094 praescripto
940 1077 950 1091 ‚
980 1050 1216 1098 praesit-titoque
1236 1054 1449 1091 Muficorum
1474 1069 1597 1092 nume-

119 1105 157 1128 ro
171 1119 180 1131 ,
207 1091 238 1125 δι
253 1102 379 1126 vocum
394 1091 568 1137 qualitate
585 1118 595 1131 ,
624 1092 711 1128 illud
726 1095 822 1130 auxit
842 1096 892 1131 his
914 1098 1029 1132 verbis
1044 1098 1270 1145 longiusculis
1288 1104 1425 1147 quidem
1440 1130 1449 1141 ‚
1470 1104 1523 1139 sed
1539 1116 1597 1140 ne-

119 1137 267 1175 cessario
280 1139 496 1185 apponendis
511 1164 522 1178 ‚
550 1149 587 1175 ut
604 1152 701 1176 mens
731 1141 825 1178 illius
840 1145 1033 1191 pleniflime
1050 1147 1271 1193 dignoscatur
1288 1175 1312 1189 ‚,
1340 1150 1482 1187 Essendo
1498 1178 1508 1192 ‚
1534 1153 1598 1187 che

119 1213 144 1228 2,
171 1186 206 1221 io
222 1185 255 1220 in
271 1185 362 1221 altra
376 1188 443 1222 mia
455 1186 681 1234 d1spofizione
700 1189 762 1225 &c.
784 1193 885 1226 abbia
903 1191 1066 1227 ordinato
1078 1220 1088 1234 ,
1113 1196 1176 1230 che
1191 1195 1274 1230 delli
1291 1198 1412 1233 redditi
1426 1199 1513 1234 della
1527 1202 1596 1235 mia

118 1259 144 1276 ‚‚
169 1233 301 1268 eredita
313 1233 466 1270 debbanfi
481 1235 631 1271 detrarre
648 1243 831 1283 ogn’anno
846 1240 880 1274 in
908 1251 1084 1287 perpetuo
1105 1242 1231 1290 Filippi
1258 1243 1457 1285 duecento;
1483 1246 1507 1281 E
1530 1259 1596 1283 con

117 1308 143 1326 ,‚
168 1279 273 1326 questi
296 1281 424 1327 pagarsi
448 1284 695 1319 annualmente
722 1284 746 1319 li
774 1286 929 1326 Musici,
951 1299 970 1322 e
993 1289 1068 1324 cosi
1096 1302 1115 1325 a
1140 1292 1295 1338 maggior
1318 1295 1428 1339 gloria
1455 1294 1487 1329 di
1518 1294 1596 1330 Dio

119 1357 143 1371 „
170 1328 369 1364 mantenerfi
385 1330 417 1364 la
443 1328 564 1366 musica
580 1342 638 1376 per
653 1333 738 1367 tutti
755 1334 778 1368 li
808 1335 913 1381 tempi
932 1347 950 1370 a
966 1337 1085 1372 venire
1100 1337 1134 1372 di
1151 1339 1252 1373 buoni
1270 1341 1426 1386 Soggetti
1454 1353 1597 1386 compo·
1642 1361 1648 1365 ·

117 1403 142 1418 ‚,
167 1376 323 1411 nentiun
347 1375 447 1412 Coro
461 1377 616 1425 perferto
632 1379 721 1415 della
750 1383 927 1418 medefima
942 1410 952 1423 ,
977 1383 1175 1420 confistente
1194 1386 1231 1421 in
1256 1398 1301 1421 un
1322 1388 1416 1423 buon
1441 1389 1594 1425 Matstro

118 1449 143 1465 2,
168 1424 206 1458 di
228 1422 395 1470 cappella
412 1451 422 1464 ‚
448 1435 493 1460 un
508 1426 664 1474 Soprano
680 1454 690 1468 ‚
715 1440 760 1464 un
777 1430 969 1466 Contralto
982 1457 992 1469 ‚
1021 1443 1065 1466 un
1079 1431 1176 1468 saffo
1194 1460 1204 1473 ,
1229 1436 1269 1469 ed
1283 1447 1328 1470 un
1356 1435 1497 1471 Tenore
1515 1465 1524 1476 ‚
1549 1436 1596 1473 ed

118 1499 143 1513 ‚,
170 1471 205 1506 in
220 1471 307 1506 altre
328 1473 413 1519 parti
428 1472 608 1510 neceffarie
625 1475 661 1509 di
678 1476 784 1512 buoni
798 1478 957 1526 Soggetti
973 1479 1034 1514 &c-
1054 1480 1095 1514 ed
1111 1493 1175 1517 ora
1199 1482 1299 1517 abbia
1324 1482 1416 1520 fatto
1440 1483 1567 1520 rifleffo
1582 1511 1594 1525 ,

115 1546 142 1562 ‚,
164 1519 231 1554 che
245 1518 323 1554 forst
345 1520 447 1557 detto
462 1521 600 1557 reddito
623 1522 710 1559 delli
738 1526 825 1560 detti
857 1526 986 1572 Filippi
1001 1528 1106 1563 annui
1130 1540 1199 1565 non
1223 1529 1293 1565 sara
1318 1530 1508 1568 sufficiente
1536 1543 1595 1578 pet

116 1593 141 1609 ‚,
165 1567 462 1609 mantenimento,
489 1569 687 1614 estipendio
704 1575 758 1608 de’
776 1573 900 1609 Musici
915 1601 926 1614 ,
954 1586 1014 1620 per
1038 1588 1121 1611 aver
1136 1579 1285 1613 maffime
1310 1580 1412 1614 buoni
1435 1579 1597 1626 Soggetti

114 1641 139 1658 ‚,
164 1614 197 1648 di
217 1613 406 1650 sufficiente
421 1617 574 1662 capacite
587 1644 596 1658 ,
620 1619 660 1654 ed
677 1619 806 1657 abilita
823 1647 834 1661 ,
861 1632 1022 1668 pertanto
1051 1624 1096 1659 ho
1111 1625 1249 1670 pensato
1266 1626 1298 1661 di
1324 1627 1516 1662 accrescere
1530 1627 1595 1664 alli

113 1688 138 1703 ‚‚
165 1661 250 1696 detti
277 1661 404 1709 Filippi
430 1665 596 1699 duecento
625 1667 658 1700 d’
671 1676 815 1714 argento
841 1670 921 1706 altri
953 1670 1085 1718 Filippi
1118 1673 1264 1708 stttanta
1291 1672 1390 1710 simili
1409 1702 1418 1715 ‚
1442 1676 1481 1710 de
1496 1675 1596 1721 quali

115 1735 140 1750 ,‚
164 1707 258 1744 dieci
273 1711 522 1746 annualmente
547 1711 699 1749 abbiano
713 1717 753 1749 da
771 1715 897 1751 servire
923 1717 954 1751 di
969 1718 1135 1763 stipendio
1151 1733 1209 1767 per
1230 1733 1298 1756 una
1321 1723 1460 1767 persona
1480 1732 1554 1757 atta
1572 1733 1593 1757 ει

113 1783 138 1798 ,‚
165 1755 280 1791 levare
297 1757 320 1792 li
348 1760 490 1795 mantici
516 1758 784 1807 den’Organo,
814 1774 942 1799 etener
966 1775 1093 1801 nettoe
1120 1769 1234 1813 pulito
1250 1768 1431 1817 l³Organ0
1455 1797 1464 1810 ,
1496 1782 1515 1805 e
1535 1769 1607 1807 sua}v

112 1831 137 1846 ,‚
162 1802 330 1840 cantoria
351 1807 415 1842 &e
434 1809 473 1841 ed
496 1807 521 1841 il
542 1806 687 1843 restante
707 1836 717 1849 ,
745 1810 810 1844 che
828 1815 846 1845 e
875 1823 994 1847 ancora
1019 1814 1052 1847 di
1071 1815 1203 1862 Filippi
1225 1822 1302 1852 260.
1323 1819 1431 1852 debba
1456 1818 1591 1852 servire

111 1879 138 1893 ,,
163 1862 220 1896 per
235 1854 503 1888 mantenimento
526 1854 559 1889 di
583 1853 684 1890 detta
712 1856 866 1896 Musica,
893 1871 910 1893 e
925 1859 1092 1903 stipendio
1117 1865 1157 1896 de
1183 1863 1342 1908 Soggetti
1365 1865 1398 1898 di
1424 1867 1518 1910 sopra
1534 1864 1591 1899 es·

113 1926 140 1941 „
167 1898 287 1944 pressi:
318 1901 542 1943 Confirmavit
560 1904 663 1939 etiam
685 1916 767 1939 onus
781 1906 898 1940 datum
917 1908 1085 1949 Praef'eblo
1103 1909 1230 1952 Musicae
1244 1910 1276 1943 di
1293 1910 1344 1943 far
1360 1910 1473 1946 scuola
1492 1923 1511 1946 a
1523 1914 1589 1947 due

114 1974 141 1989 „
168 1946 312 1993 soggetti
327 1948 359 1983 di
384 1948 571 1986 continuo,
599 1961 657 1994 per
679 1950 735 1987 far
749 1951 803 1986 de'
818 1952 922 1987 buoni
945 1952 1077 1989 Allievi
1098 1981 1121 1995 „
1149 1957 1344 2003 iterumque
1358 1961 1433 1993 data
1457 1960 1588 2005 praela-

113 1995 211 2030 tione
227 1996 339 2042 legato
349 1995 488 2032 Musica:
503 2023 512 2037 ,
534 1995 556 2031 fi
573 1997 691 2043 legatis
708 1998 880 2036 solvendis
901 2001 1106 2038 haereditarii
1119 2004 1266 2040 redditus
1283 2005 1361 2042 satis
1376 2017 1444 2042 non
1457 2006 1565 2043 effent
1577 2032 1590 2049 ,

115 2042 304 2078 codicillos
325 2044 445 2079 clausit
459 2072 466 2080 .

71 2087 239 2125 Nondum
253 2090 342 2125 hisce
364 2091 637 2137 dispositionibus
661 2094 742 2131 satis
767 2096 961 2133 consultum
993 2109 1152 2145 reputans
1178 2101 1316 2138 Muficae
1332 2127 1341 2139 ,
1367 2104 1399 2140 &
1419 2102 1559 2139 Muficis
1578 2129 1591 2144 ,

115 2137 251 2182 publico
266 2137 497 2175 Instrumento
509 2143 585 2177 aeto
604 2143 658 2178 dte
678 2155 728 2184 17.
746 2144 920 2181 Februarii
935 2157 1022 2182 anno
1044 2160 1140 2189 1724.
1157 2158 1212 2184 tot
1229 2151 1349 2187 census
1365 2152 1491 2186 activos
1513 2152 1592 2187 affi—

115 2185 235 2230 gnavit
253 2212 262 2226 ,
289 2196 374 2232 quot
396 2187 471 2222 satis
489 2187 554 2222 esse
578 2190 711 2236 poffent
728 2193 768 2226 ad
795 2193 976 2233 reddendos
1004 2207 1134 2232 annuos
1163 2197 1243 2232 illos
1268 2199 1477 2246 Philippaeos
1505 2209 1588 2238 270.

116 2241 183 2277 pro
195 2231 324 2268 Mufica
343 2234 542 2271 constitutos
555 2263 564 2276 ,
593 2239 726 2280 adjecto
740 2251 842 2274 onere
859 2241 1050 2278 haereditati
1080 2244 1145 2281 suae
1159 2245 1339 2291 supplendi
1355 2274 1365 2287 ‚
1389 2247 1411 2282 si
1441 2247 1588 2282 nomina

117 2278 179 2312 illa
194 2279 284 2329 exigi
301 2292 369 2319 non
384 2281 512 2327 possent
530 2309 538 2318 .
564 2285 717 2322 Deceflit
742 2287 876 2323 tandem
895 2288 951 2323 h1c
977 2290 1117 2328 Muficae
1145 2305 1260 2329 amans
1285 2306 1374 2330 anno
1400 2301 1525 2341 1726.‚
1552 2295 1587 2329 <St

114 2326 319 2371 Capitulum
334 2354 345 2368 ‚
368 2342 406 2365 ac
420 2330 594 2367 Canonici
611 2359 621 2373 ‚
646 2346 729 2381 quos
752 2335 958 2372 haereditatis
976 2338 1275 2377 Administratores
1290 2341 1450 2377 Testator
1466 2341 1597 2387 volue2

113 2381 168 2408 rat
183 2399 193 2413 ,
219 2384 338 2420 preces
353 2379 556 2414 obtulerunt
568 2380 714 2427 Optimo
727 2411 736 2423 ,
762 2384 988 2431 Maximoque
1007 2386 1156 2434 Principi
1173 2387 1353 2425 Benedicto
1368 2388 1473 2424 Xlll.
1485 2416 1493 2428 ‚
1510 2390 1586 2437 qui-

112 2419 178 2455 bus
192 2419 399 2467 postularunt
415 2452 425 2466 ‚
459 2437 496 2462 ut
512 2439 588 2463 cum
615 2427 794 2475 Philippeei
817 2431 868 2466 illi
887 2442 964 2471 270.
987 2433 1067 2469 satis
1083 2438 1148 2471 effe
1173 2448 1241 2471 non
1263 2437 1389 2483 possent
1405 2440 1443 2472 ad
1469 2438 1586 2472 Muti-

113 2479 213 2508 cam,
238 2481 338 2516 quam
363 2482 461 2509 tanto
489 2477 611 2512 ardore
638 2486 818 2523 optaverat
845 2478 1031 2520 Testator‚
1059 2484 1246 2528 parandam
1268 2511 1279 2525 ,
1305 2494 1510 2532 augerentur
1536 2484 1582 2519 ad

113 2514 324 2562 Philippaeos
336 2532 415 2566 400¹
438 2522 532 2558 Data
548 2523 614 2559 suit
635 2526 737 2561 Sacro
752 2526 834 2562 huic
862 2526 1049 2564 Tribunali
1069 2527 1227 2578 cognitio
1250 2559 1259 2571 ,
1286 2533 1469 2579 auditoque
1497 2532 1583 2578 Epi-

112 2561 212 2608 scopo
232 2591 242 2604 ,
266 2566 321 2610 qui
338 2577 397 2611 pro
422 2581 629 2616 augumento
648 2573 841 2620 respondit,
870 2576 1072 2621 rescriptum
1097 2578 1187 2614 suit:
1215 2586 1285 2615 Pro
1304 2584 1427 2626 gratia
1445 2607 1456 2621 ,
1476 2582 1584 2624 salva

114 2611 149 2644 in
163 2613 308 2661 reliquis
328 2617 508 2653 volvntJte
530 2619 739 2666 Tefftztoris.
770 2620 861 2657 Cum
877 2630 989 2659 tamen
1009 2636 1050 2662 ne
1066 2627 1099 2661 hi
1127 2626 1264 2673 quidem
1294 2627 1474 2674 Philippaei
1498 2639 1581 2674 400.

111 2655 195 2711 fan}
205 2659 308 2713 ess'ent
328 2663 371 2696 ob
386 2662 596 2700 Mustcorum
612 2693 620 2706 ,
647 2669 705 2711 qui
721 2669 841 2710 maiori
857 2674 1011 2708 mercede
1024 2674 1234 2710 conducendi
1249 2685 1343 2711 erant
1359 2703 1368 2716 ‚
1393 2674 1559 2710 defectum
1571 2699 1582 2713 ‚

110 2714 211 2742 novts
225 2708 368 2753 Optimo
396 2712 542 2757 l’rincipi
560 2713 738 2751 Clementi
759 2716 829 2751 Xll
858 2719 984 2755 oblatis
1011 2721 1174 2766 precibus
1191 2733 1280 2758 anno
1298 2724 1398 2764 ¹738·
1415 2747 1424 2760 ‚
1450 2732 1583 2757 novum

109 2751 311 2837 acepitsslo
335 2760 483 2803 petitum
507 2760 573 2796 tuit
604 2774 870 2812 augumentum,
895 2779 996 2850 quaen
1023 2768 1287 2814 postulationem
1306 2772 1434 2808 merito
1453 2768 1582 2852 ¹fleisscit

268 2808 427 2844 “om-XXI.
1012 2825 1032 2850 2
1479 2827 1519 2852 oc
