1977 3028
1565 143 1604 172 σι

185 188 218 222 in
235 186 380 223 secundo
398 212 420 226 ,‚
445 193 483 221 ut
506 186 540 221 in
557 188 679 222 eodem
707 185 863 230 Thesaur.
894 188 1040 232 &sub-4.
1058 186 1136 221 Vol.
1162 188 1273 223 XIX.²
1302 194 1392 219 nunc
1410 192 1523 220 autem
1551 196 1609 218 re-

138 235 370 282 spondendum
385 234 431 270 est
450 261 458 270 .

93 291 151 319 ,Αιι
163 284 207 327 Jit
217 284 372 326 stantium
388 309 399 323 ,
427 283 488 318 vel
501 283 720 320 recedendum
736 292 756 316 a
780 279 894 322 decisis
908 282 940 316 in
953 278 1115 324 casino-“n

187 377 312 414 Dilata
327 377 367 413 ad
390 377 585 424 sequentem
598 402 607 411 .

175 472 489 510 ULGINATEN.
511 473 599 518 Duo
617 469 691 507 sunt
710 471 792 514 Vici
805 472 979 509 Orientali
992 472 1097 517 Plaga
1120 469 1317 517 Dioeceseos
1331 470 1577 520 Fulginatenlis
1593 496 1605 511 ‚

186 521 276 558 alter
290 531 503 565 nuncupatus
526 521 613 556 Colle
627 522 662 555 di
688 525 804 567 Campo
837 522 975 567 Rastia,
1003 519 1088 553 alter
1114 521 1145 554 lo
1173 521 1403 565 scandalum,
1426 517 1464 552 ln
1489 517 1603 564 primo
1646 542 1721 583 sess
1809 560 1814 565 ¹

139 570 201 606 fita
215 567 262 604 est
275 567 479 611 Parochialis
497 567 642 603 Ecclesia
666 568 792 603 Sanctae
820 568 939 613 Mariae
964 568 998 603 in
1024 566 1167 602 Coelum
1194 564 1408 613 Assiim'ptae‚
1425 564 1468 600 ‘in
1494 565 1605 600 altero
1647 552 1866 631 Ses·27·‘aP·
1887 557 1918 587 3·

138 617 200 654 fita
213 617 259 651 est
278 614 426 650 Ecclesia
449 615 607 661 dedicata
619 614 650 650 S.
663 614 879 654 Sebastiano.
910 614 1052 660 Constat
1068 615 1201 652 integra
1219 613 1385 650 Parochia
1401 612 1528 660 viginti
1548 612 1605 647 sex
1646 636 1684 670 de
1704 602 1799 666 La&
1813 605 1920 640 capa.

136 663 319 701 familii53
342 663 460 709 haruin
475 663 624 708 quinque
637 661 784 709 primum
803 663 928 699 Vicum
946 663 1100 708 incolunt
1115 664 1206 696 circa
1228 662 1407 697 Ecclefiam
1426 659 1604 700 l’arochia-
1642 671 1645 674 ·
1700 643 1768 682 RV·

136 714 205 748 lem
221 738 232 752 ‚
256 711 395 757 reliquae
418 709 565 745 alterum
583 711 707 752 Vicum
722 735 733 749 ,
759 711 950 759 distantqiie
967 712 1008 745 ab
1025 709 1171 753 Ecclesia
1184 709 1378 745 parochiali
1394 718 1514 756 quarta
1530 719 1603 752 par-

138 770 174 795 te
188 757 342 794 milliarii
358 781 366 791 .
390 757 565 804 Contigua
581 756 733 792 Ecclesiae
748 757 941 794 Parocliiali'
956 761 1072 794 domus
1090 757 1135 791 est
1159 769 1217 803 pro
1235 755 1392 792 parochis
1410 784 1419 797 ‚
1441 768 1513 801 qux
1528 765 1602 788 eam

136 807 268 854 semper
284 806 439 849 babitare
455 805 636 841 sueverunt
655 818 663 838 :
688 806 855 840 contrairi
873 806 964 849 Vico
999 807 1205 843 &auriol-:ro
1221 805 1314 839 nulla
1339 803 1384 838 est
1409 804 1525 837 doinus
1540 813 1603 847 pro

136 854 290 890 Parocho
305 876 316 888 .
343 851 488 897 Ecclefia
504 864 612 889 tamen
626 853 657 897 S.
672 851 855 889 Szbastizini
871 854 914 888 ab
940 865 1026 888 anno
1056 863 1148 892 1573*
1169 877 1180 890 ‚
1209 852 1318 887 servat
1338 851 1602 897 augustissimum

136 899 358 943 Eucharistiae
374 898 627 936 Sacramentum
643 927 652 943 ‚
676 897 765 947 quod
781 913 849 936 non
865 901 1017 936 servatur
1032 901 1063 935 in
1079 899 1272 935 parochiali
1291 927 1298 939 ‚
1326 899 1431 933 habet
1447 898 1478 932 in
1493 909 1531 931 ea
1547 898 1604 930 So·

135 948 294 985 dalitium
307 948 502 984 Sanaiffimi
522 948 730 984 Sacramenti
747 961 757 986 ,·
785 949 816 982 id
837 948 956 984 factum
975 946 1067 982 fuisse
1081 948 1189 994 gratia
1205 948 1339 987 majoris
1353 947 1518 981 commodi
1535 945 1604 978 Vi*

133 1007 296 1037 canorum
320 995 530 1042 dignoscitur
542 1007 584 1031 ex
603 995 867 1042 Vifitatiouibus
886 996 1137 1042 Episcopalibus
1153 1019 1162 1028 .
1183 996 1278 1035 Hinc
1294 995 1380 1029 sorte
1396 995 1512 1028 evenit
1527 1022 1536 1035 ,
1563 1000 1602 1026 ut

133 1045 298 1083 diuturno
312 1042 371 1078 usu
386 1068 404 1082 ,-
413 1043 588 1090 longaque
603 1043 850 1079 consuetudine
861 1043 1077 1089 observatum
1093 1042 1130 1086 sit
1146 1069 1154 1082 ,
1176 1054 1211 1077 ut
1229 1041 1373 1077 Paroclii
1384 1042 1505 1076 diebus
1522 1041 1603 1074 Do-

131 1091 222 1127 mini
239 1091 376 1126 Sacrum
403 1090 543 1126 viciffim
563 1090 706 1126 fecerint
734 1087 875 1135 nuncin
902 1090 1050 1133 Ecclesia
1072 1089 1287 1129 parochiali,
1316 1100 1404 1123 nunc
1430 1089 1463 1121 in
1494 1087 1602 1122 altera

132 1139 164 1174 δ,
185 1135 367 1177 Sebastiani
385 1165 394 1179 ‚
419 1139 574 1185 exceptis
592 1139 693 1182 fellis
716 1138 978 1173 solemnioribus
994 1164 1003 1177 ,
1023 1138 1051 1172 ὅ(
1070 1135 1267 1181 Beatiiiimae
1284 1137 1347 1170 Vir
1377 1135 1439 1170 inis
1452 1160 1464 1173 ,
1482 1135 1603 1182 quibus

134 1183 174 1221 in
187 1183 332 1230 Ecclesia
359 1185 550 1220 parochiali
568 1197 626 1232 pro
643 1185 774 1228 Populo
790 1185 920 1233 sen-per
937 1186 1092 1221 fecerunt
1110 1211 1120 1223 ‚
1149 1195 1186 1219 ut
1199 1195 1303 1220 etiam
1331 1184 1363 1218 in
1386 1195 1424 1218 ea
1450 1184 1578 1218 cineres
1593 1206 1604 1221 ,

131 1232 322 1278 candelas,
344 1233 375 1268 δι
391 1233 530 1268 ramalia
558 1233 728 1271 olivarum
749 1232 987 1275 distribuerunt
1003 1260 1011 1273 ‚
1039 1233 1074 1267 in
1099 1244 1138 1268 ea
1164 1233 1267 1268 etiam
1293 1231 1452 1268 paschale
1478 1242 1604 1277 praece-

132 1289 236 1326 ptum
251 1280 487 1325 impleverunt
506 1280 712 1315 Parocliiani
730 1308 738 1315 .
763 1281 971 1327 Qiindecim
986 1280 1124 1315 abhinc
1141 1291 1233 1315 annis
1246 1291 1323 1315 cum
1340 1277 1484 1325 Ecclesia
1502 1288 1532 1312 5.
1549 1279 1604 1311 Se·
1639 1284 1641 1286 ’

131 1327 282 1373 bastiam'
301 1327 469 1373 fatisceret
484 1352 494 1366 ,
514 1328 650 1362 curavit
668 1328 837 1373 Paroclius
853 1355 861 1368 ,
889 1337 923 1363 ut
937 1329 980 1363 ab
1006 1327 1130 1363 incolis
1160 1329 1374 1363 §candolarit'
1391 1353 1400 1366 ,
1425 1327 1454 1361 ἃ
1467 1326 1603 1360 ‘Sodali-

130 1374 196 1410 bus
210 1373 445 1421 repararetun
472 1385 572 1422 atque
599 1376 661 1419 liae
684 1376 859 1410 occasione
879 1377 1065 1421 constructa
1094 1375 1128 1408 in
1154 1387 1191 1409 ea
1216 1373 1355 1409 fuerunt
1385 1374 1572 1419 sepulcreta
1591 1398 1601 1411 ‚

131 1423 165 1457 8<
187 1421 223 1457 iri
245 1422 290 1467 iis
311 1422 546 1462 defunctorum
574 1423 861 1468 parochianorum
877 1433 1017 1470 corpora
1038 1421 1159 1456 infeiri
1177 1449 1186 1462 ‚
1212 1420 1385 1468 condique
1398 1430 1579 1467 coeperunt
1593 1445 1603 1454 .

85 1469 160 1517 Qi
172 1480 263 1513 nunc
277 1468 434 1515 Ecclesiae
453 1471 647 1506 parochiali
663 1471 785 1517 praeest
804 1499 813 1510 ,
841 1470 993 1513 Thomas
1007 1468 1196 1516 Gregorius
1209 1470 1337 1503 decem
1353 1470 1469 1514 primis
1484 1494 1494 1508 ,
1519 1468 1603 1513 qui-

134 1520 193 1552 bus
205 1517 402 1563 Parochiam
419 1516 554 1560 tenuitg
578 1518 676 1554 annis
695 1545 718 1558 ,A
734 1519 869 1561 domum
884 1518 1122 1553 l’arochiaiem
1141 1517 1314 1552 habitavit
1328 1541 1338 1555 ,
1364 1517 1457 1552 statis
1483 1514 1600 1550 certis-

130 1576 198 1609 que
215 1564 294 1607 anni
310 1566 520 1607 temporibus
540 1565 779 1609 Sanfflffimum
800 1565 1013 1601 Eucharistiae
1037 1565 1291 1600 Sacramentum
1306 1566 1339 1598 in
1363 1562 1509 1607 Ecclesia
1532 1563 1600 1596 Pa-

130 1611 281 1647 rochiaii
297 1611 451 1647 servavit
463 1639 473 1651 ,
495 1612 585 1647 sacra
602 1614 634 1647 in
650 1625 688 1647 ea
710 1614 782 1659 egit
796 1609 807 1650 4
826 1614 977 1660 aliasque
992 1612 1213 1660 Parochi'ales
1228 1639 1236 1651 ,
1262 1613 1293 1647 δι
1307 1611 1398 1657 quasi
1411 1611 1601 1646 Parochia-

131 1659 181 1694 les
198 1657 383 1703 functiones
398 1685 408 1698 ,
438 1659 678 1706 defunctosque
696 1660 730 1695 in
744 1671 785 1697 ea
806 1661 991 1699 condidit,
1017 1661 1066 1695 At
1081 1661 1213 1694 duobus
1230 1660 1365 1696 abhinc
1387 1660 1483 1699 annis
1497 1659 1600 1694 vale·

130 1705 259 1741 tudinis
282 1706 381 1751 causa
401 1707 540 1751 domum
565 1708 737 1746 deseruit,
761 1709 791 1742 ἃ
821 1707 1083 1744 Scandolarium
1110 1707 1274 1744 concessit
1296 1734 1303 1745 ,
1332 1709 1388 1743 ubi
1415 1707 1448 1742 se
1471 1715 1599 1751 recepit

129 1753 218 1799 apud
231 1751 435 1797 familiarem
451 1756 629 1799 quemdam
645 1756 738 1790 suum
756 1781 766 1794 ,
789 1755 819 1790 δι
838 1757 871 1790 in
888 1754 1034 1801 Ecclesia
1049 1756 1082 1789 S.
1097 1755 1281 1790 sebastiani
1295 1757 1383 1790 sacra
1412 1755 1480 1801 egit
1508 1755 1599 1789 sem-

131 1811 220 1845 per,
245 1801 276 1835 &
296 1801 543 1837 Ecclesiasticas
560 1813 676 1837 omnes
691 1801 882 1838 functiones
898 1829 908 1842 ,
937 1813 975 1836 ac
990 1802 1223 1846 defunc‘torum
1250 1803 1287 1836 in
1307 1804 1459 1845 eamdem
1479 1802 1601 1836 Eccle-

130 1846 210 1882 siam
226 1848 346 1893 intulit
359 1859 503 1894 corpora
518 1876 526 1883 .
553 1849 656 1896 AEgre
673 1848 821 1884 ferentes
838 1850 988 1895 quinque
1004 1849 1072 1892 illae
1102 1849 1257 1883 familia:
1310 1862 1382 1894 qux
1403 1858 1416 1881 ν
1433 1850 1522 1883 icum
1543 1850 1599 1883 in-

129 1893 250 1929 colunt
267 1897 356 1932 Colle
371 1898 405 1931 aa·
420 1902 536 1944 Campo
558 1898 672 1939 Ras'cio
687 1923 696 1936 ,
724 1895 907 1931 Paroclium
922 1895 1229 1940 domol’arochiali
1246 1923 1255 1935 ‚
1281 1896 1440 1944 Vicoque
1465 1895 1572 1931 abesse
1586 1923 1597 1937 ,

128 1943 286 1988 precibus
300 1941 402 1978 Sacro
419 1943 498 1979 huic
514 1942 700 1978 Tribunali
725 1943 852 1979 oblatis
870 1955 944 1978 euin
970 1942 1206 1988 repetierunt.
1228 1944 1380 1980 Auditus
1408 1943 1597 1992 Episcopus

127 1998 250 2025 contra
262 1989 452 2026 Parochum
465 1990 632 2038 respondit
647 1992 698 2031 ,&
714 1990 976 2026 Eminentissimi
997 1992 1112 2026 Patres
1124 1994 1184 2027 dix
1204 2005 1256 2038 15·
1270 1992 1450 2038 superioris
1474 1989 1597 2026 mensis

128 2039 274 2086 Aprilis
288 2037 526 2082 rescripserunt
541 2052 552 2077 ;
584 2042 742 2088 Lpisccpo
755 2065 766 2079 ,
794 2042 852 2087 qai
870 2049 970 2087 cog-cc
985 2039 1177 2074 pai-ochram
1193 2042 1236 2074 ad
1257 2042 1459 2083 residendum
1475 2041 1509 2075 in
1525 2047 1594 2074 Do-

128 2087 426 2136 marvarochi..li‚
450 2086 528 2132 l’ost
543 2088 614 2123 haec
638 2098 743 2122 novas
762 2098 875 2131 preces
897 2086 1100 2122 obtulerunt
1118 2086 1242 2122 incolae
1257 2090 1292 2122 di
1319 2093 1393 2130 Cam
1420 2102 1437 2123 o
1455 2088 1570 2133 Ruscio
1586 2113 1597 2126 ‚

128 2131 256 2175 quibus
271 2132 483 2177 postularunt
498 2143 535 2169 ut
548 2134 723 2170 parochus
733 2137 909 2174 teneretur
925 2133 1057 2179 semptr
1071 2134 1106 2168 iri
1120 2133 1313 2170 parochiali·
1324 2097 1470 2179 Ecclvefia
1482 2133 1595 2169 omni-

129 2178 188 2212 bus
212 2178 298 2216 sestis
314 2179 434 2216 diebus
450 2182 541 2217 sacra
560 2182 672 2217 facere
686 2207 697 2222 ,
720 2181 971 2217 Sanctissimum
983 2181 1200 2217 Eucharistiae
1221 2183 1476 2218 Sacramentum
1492 2183 1525 2217 in
1538 2192 1594 2217 ea-

129 2225 203 2260 dem
215 2229 368 2263 retinere
383 2256 393 2268 ‚
422 2229 453 2263 δι
474 2230 757 2264 Parocbianorum
770 2240 913 2274 corpora
929 2229 961 2264 in
976 2242 1013 2265 ea
1027 2230 1172 2265 condere
1190 2257 1198 2268 ,
1223 2229 1282 2264 nili
1303 2231 1336 2264 in
1350 2231 1418 2266 alia
1444 2228 1593 2266 Ecclesia

128 2270 336 2318 sepulturam
353 2275 530 2323 elegissent
544 2304 554 2314 .
573 2276 756 2323 Rescripsit
769 2276 932 2316 Viearius
946 2277 1129 2313 Generalis
1143 2276 1301 2314 audivisse
1315 2279 1500 2314 l’aroclium
1513 2302 1522 2315 ‚
1534 2276 1591 2323 qui

127 2330 198 2371 nori
219 2323 335 2374 renuit
350 2326 442 2366 votis
458 2324 545 2359 hisce
567 2324 710 2371 obsequi
727 2351 738 2365 ‚
760 2336 836 2366 eum
849 2324 940 2359 enim
956 2325 1024 2370 ipse
1037 2325 1190 2372 paruerit
1205 2328 1335 2360 tandem
1350 2325 1513 2371 rescripto
1528 2324 1592 2358 Sa-

126 2378 178 2402 cri
195 2366 292 2410 hulus
306 2369 507 2410 Tribunalis
521 2399 531 2413 ,
557 2373 588 2408 &
606 2372 742 2415 domuin
776 2371 1010 2407 Parochialem
1035 2373 1166 2414 habitet
1192 2397 1203 2410 ‚
1225 2374 1440 2409 commodius
1467 2370 1526 2416 ipsi
1544 2369 1593 2405 est

127 2439 151 2455 2,
179 2414 294 2452 Missas
305 2418 482 2462 celebrare
496 2419 532 2454 in
558 2417 705 2454 Ecclesia
722 2446 731 2458 ,
760 2419 797 2461 iri
809 2430 876 2465 qua
891 2418 1010 2454 residet
1027 2446 1036 2459 ,
1063 2422 1093 2454 ἃ
1118 2418 1174 2454 sua
1189 2430 1255 2454 non
1280 2418 1419 2462 interest
1433 2447 1442 2461 ‚
1473 2430 1514 2454 an
1529 2423 1594 2454 de-

123 2487 150 2503 „
175 2460 362 2500 functorum
383 2466 549 2506 cadavera
567 2467 632 2501 five
649 2467 683 2501 in
708 2478 776 2502 tina
792 2493 802 2507 ,
829 2465 945 2502 sivein
960 2469 1066 2503 altera
1084 2465 1230 2502 Ecclesia
1254 2468 1465 2503 tumulentur
1480 2493 1489 2506 ‚
1515 2475 1595 2501 cum

123 2533 148 2548 ,.
172 2511 247 2562 ejus
259 2511 332 2553 juta
345 2515 455 2558 quoad
472 2515 787 2550 emolumentorum
812 2512 1014 2558 suneraliuin
1030 2514 1291 2561 perceptionem
1306 2516 1342 2552 in
1357 2525 1504 2562 utroque
1514 2513 1594 2548 casu

127 2580 151 2595 „
177 2557 281 2593 illaesa
295 2570 489 2595 remaneant
507 2585 528 2600 ‚‚
556 2571 594 2597 ut
609 2561 677 2607 ipsa
687 2561 765 2597 rsunt
780 2560 924 2597 Parochi
943 2564 1045 2598 verba
1059 2587 1070 2597 .

75 2602 206 2639 Censet
220 2614 333 2640 tamen
349 2606 509 2650 Vicarius
526 2609 707 2644 Generalis
719 2636 742 2649 „
768 2608 872 2644 etiam
884 2609 918 2644 i'n
931 2610 1101 2657 posterum
1114 2609 1340 2645 sustinendum
1355 2609 1418 2646 effe
1430 2610 1566 2646 solitum
1584 2636 1594 2649 ,

124 2675 150 2693 ‚³
175 2650 393 2703 observatum
406 2655 439 2690 8<
457 2666 475 2689 a
502 2657 665 2692 moderno
681 2656 856 2696 l’ai‘oclio²
883 2657 914 2692 &
933 2658 973 2691 ‘ab
986 2658 1057 2700 ejus
1070 2655 1349 2693 Antecessoribus
1363 2685 1372 2698 ,
1397 2658 1486 2704 quod
1505 2656 1595 2692 scili-

121 2725 146 2740 „
172 2708 228 2733 cet
241 2702 486 2737 inDominicis
512 2703 624 2738 Missa:
649 2705 866 2739 celebrentur
891 2704 1086 2740 alternatim
1103 2731 1113 2745 ,
1137 2705 1169 2740 δι
1196 2704 1231 2740 in
1248 2704 1336 2740 festis
1353 2706 1399 2741 de
1426 2705 1595 2746 Praecepto

121 2774 144 2787 „
169 2744 205 2778 Β.
223 2745 341 2783 Marix
356 2749 511 2795 Virginis
527 2778 536 2790 ‚
567 2752 598 2787 &
615 2753 648 2785 in
665 2751 930 2787 solemnioribus
946 2752 1079 2789 Paschae
1093 2780 1103 2794 ,
1130 2751 1347 2788 pentecostes
1361 2780 1370 2793 ,
1397 2753 1427 2787 &
1452 2749 1596 2786 Nativi-

118 2819 144 2844 3,
170 2793 249 2828 tatis
267 2794 416 2831 Domini
433 2797 565 2846 semper
589 2799 624 2834 in
639 2798 785 2849 Ecclelia
800 2800 994 2836 P'arocbiali
1011 2824 1021 2836 .
1047 2800 1081 2835 in
1095 2811 1162 2848 qua
1176 2810 1283 2835 etiam
1306 2796 1596 2879 expleantu‘rihbe·

1405 2872 1429 2887 ‚,
1454 2856 1494 2881 ne
1521 2855 1548 2879 i-

1668 493 1796 536 Sesko.
1811 508 1882 546 cap.
1894 510 1918 532 r.
