1955 3028
121 166 180 211 per
200 162 314 189 autem
335 149 527 187 consensum
543 150 717 198 praestante
732 151 860 188 Iacobo
872 151 1053 189 ‘roi-nielli
1068 151 1258 190 Praebendae
1273 154 1366 191 illius
1381 120 1583 200 possessore}

112 201 325 247 Lapitulum
346 210 458 245 preces
472 200 625 240 obtulit,
649 201 770 247 quibus
787 199 978 245 postulaVit
992 228 1001 240 ,
1029 211 1066 236 ut
1092 214 1175 237 unio
1203 202 1286 236 saCta
1300 215 1318 238 a
1335 203 1513 238 cardinali
1537 213 1580 238 de

113 247 252 284 Rubeis
265 247 469 290 arin01388.
482 247 745 284 confirmaretur
758 273 766 286 ‚
794 256 841 280 ita
861 258 973 282 tamen
986 273 996 287 ,
1019 259 1056 282 ut
1075 260 1299 295 exequeretur
1315 249 1389 297 post
1413 251 1581 287 obitu-tn...

115 294 233 332 Iacobi
256 294 431 329 Tornielli
448 294 636 331 Poliefforis
654 310 659 328 :
684 294 776 341 quod
801 291 824 326 fi
850 295 984 329 unionis
1005 295 1095 330 illius
1110 296 1325 332 confirmatio
1350 309 1414 332 non
1427 298 1579 345 placeat,

113 343 260 378 addebat
285 343 319 376 in
335 341 488 386 precibus
503 368 511 379 ,
536 352 574 376 ut
601 340 857 377 Eminentiffimi
880 342 995 376 Patres
1010 343 1264 379 &tenendarum
1287 344 1551 380 Canonicalium
1569 371 1581 386 ,

114 391 146 424 δι
167 390 442 425 distributionum
457 390 617 425 tenuitati
636 392 703 425 alia
718 388 853 425 ratione
865 390 1104 427 consulerent.
1133 390 1188 425 Bis
1202 390 1345 426 auditus
1361 391 1425 425 fuit
1439 391 1580 438 Episco·

115 449 201 482 pus,
229 436 289 482 qui
307 435 480 482 respondit
508 437 758 473 distributiones
785 436 832 470 ita
860 447 979 472 tenues
1005 435 1093 475 effe,
1119 447 1154 473 ut
1170 465 1180 478 ,
1200 437 1358 473 detractis
1384 438 1580 474 necessariis

119 484 280 532 impensis
294 510 302 523 ,
326 484 385 517 viii
401 482 540 528 supersit
555 484 638 520 sc.1.
656 496 707 525 30-
727 498 736 523 ;
764 487 1000 520 Annuendum
1013 485 1120 531 igitur
1132 485 1244 520 censet
1258 484 1475 529 postutationi
1502 497 1584 521 con-

118 531 286 566 firmandae
300 531 437 565 unionis
452 555 462 566 .
493 531 606 567 Addit
625 534 658 567 in
673 532 847 578 postremis
863 532 973 569 literis
988 534 1190 579 quamplura
1205 532 1268 567 esse
1297 532 1330 567 in
1357 533 1418 568 illa
1434 532 1580 568 Ecclesia

118 578 285 614 beneficia
304 577 464 621 simplicia
484 604 494 618 ,
522 580 645 623 quibus
659 605 669 618 ,
694 592 770 614 cum
783 589 906 620 vacent
922 606 931 619 ‚
953 579 1084 616 consuli
1104 581 1200 626 poflit
1219 580 1298 614 huic
1313 580 1474 615 tenuitati
1494 580 1586 615 Mas-

120 625 161 661 sae
174 625 410 670 CapitulariS,
438 623 461 657 si
489 629 597 662 eidem
625 628 813 662 uniantur:
843 627 948 661 Addit
976 626 1065 661 idem
1092 627 1206 662 haberi
1222 626 1309 673 posse
1334 639 1374 661 ex
1394 627 1550 672 pensione
1572 653 1587 669 ‚

120 685 194 719 quae
209 673 400 718 imponatur
412 671 608 710 Praebendae
623 674 814 719 Praepofiti:
835 675 967 708 deinum
983 674 1092 709 minui
1110 673 1197 718 posse
1213 686 1299 710 onus
1313 673 1505 710 residentiae
1525 702 1535 715 ,
1548 675 1583 710 ὃς

122 721 166 756 ad
193 720 281 755 solos
295 718 366 754 dies
383 717 480 753 festos
497 722 610 756 reduci
626 749 635 757 .
659 722 771 756 Causa
788 733 876 757 nunc
891 722 1090 766 proponitur
1103 748 1111 760 ‚
1127 722 1158 756 &
1173 721 1376 768 Capitulum
1395 733 1491 768 urget
1504 733 1582 757 con-

120 767 350 803 firmationem
365 765 501 801 unionis
520 781 528 801 ε
556 772 645 814 quod
664 768 685 802 si
702 771 771 805 haec
787 781 852 804 non
868 770 1001 815 placeat
1019 795 1028 808 ‚
1059 768 1229 814 postulat,
1254 779 1290 802 ut
1315 768 1384 803 alia
1411 769 1583 806 ratione-³

119 814 284 850 tenuitati
314 812 599 850 distributionum
628 827 855 851 occurratur:
885 817 1055 859 improbat
1086 826 1198 851 tamen
1224 819 1307 851 duos
1330 817 1475 855 modos,
1499 828 1586 861 quos

122 861 278 908 suggeflit
297 859 479 906 Episcopus
495 862 662 906 pensionis
677 863 886 907 imponendae
902 863 1086 898 i’raebendae
1103 863 1274 910 Praepositi
1291 892 1301 905 ,
1318 864 1348 898 &
1367 865 1478 899 oneris
1501 863 1584 898 resi-

123 906 253 945 dentiae
278 909 316 942 ad
336 907 428 942 solos
453 908 522 943 dies
544 909 643 945 festos
657 911 850 945 reducendae
864 934 874 944 .
901 911 1055 946 Videant
1082 911 1188 957 igitur
1217 909 1420 956 Amplissimi
1442 911 1584 952 Patres.

124 968 190 1004 qua
205 955 290 998 juris
305 955 436 990 ratione
456 956 701 1001 expediendum
720 957 759 991 sit
775 957 931 992 Dubium
949 988 956 991 .

82 1006 138 1042 An
153 1004 198 1047 sit
215 1004 424 1038 annuendum
443 1004 608 1049 precibus
626 1008 864 1046 Canonicorum
879 1031 891 1048 ,
906 1006 1093 1054 velpotz'us
1107 1019 1172 1048 an,
1195 1011 1239 1044 Θ
1252 1010 1415 1055 quomodo
1432 1006 1478 1052 fit
1495 1016 1586 1056 pro-

129 1053 314 1088 videndum
330 1051 364 1085 in
390 1052 465 1098 casta
493 1054 568 1091 &a
975 1057 979 1060 '

175 1144 399 1184 Affirmative
423 1149 462 1185 ad
487 1147 627 1186 formam
641 1150 857 1189 Instrumenti
880 1153 959 1189 anni
974 1154 1071 1195 1588.

87 1243 172 1326 T
189 1242 483 1280 UDERTINA:
499 1247 532 1280 A
546 1247 727 1284 francisco
741 1248 854 1284 Maria
871 1246 992 1285 Bichio
1005 1249 1172 1296 Episcopo
1180 1247 1474 1284 Tudertinoanno
1486 1249 1586 1294 1664.
1624 1248 1758 1294 Seffi25·
1770 1247 1844 1289 ΜΡ·
1856 1246 1895 1281 4·

202 1291 298 1325 unita
314 1288 447 1327 fuerunt
462 1293 653 1330 Parocliiali
673 1295 823 1331 Ecclesiae
843 1295 951 1336 Castri
969 1296 1264 1331 Ceccanibiorum
1292 1296 1438 1338 ejusdem
1456 1297 1587 1330 Tuder·
1625 1303 1664 1337 de
1682 1298 1755 1346 Res.

131 1338 208 1373 tina
229 1337 427 1373 Dioeceseos
452 1338 518 1374 tria
541 1342 706 1378 beneficia
731 1342 915 1388 simplicia.
946 1344 1096 1379 Primum
1121 1353 1352 1389 nuncupatum
1382 1344 1589 1391 Hospitalo

133 1387 251 1422 Sanffl
273 1386 489 1423 Terentia'ni2
516 1389 678 1425 Alterum
693 1393 809 1426 Sanfti
824 1394 928 1427 Petri
939 1394 978 1427 de
995 1395 1106 1435 Cenito
1119 1418 1129 1432 ‚
1150 1392 1243 1432 cujus
1262 1390 1402 1426 Ecclefia
1419 1416 1429 1430 ‚
1449 1392 1480 1427 &
1497 1389 1588 1424 Bona

133 1431 194 1468 sita
220 1431 346 1467 suntin
360 1434 559 1470 Territorio
571 1436 677 1472 Castri
690 1436 904 1474 Cameratae:
928 1437 1092 1473 Tertium
1106 1441 1220 1474 sami
1234 1438 1422 1480 sebastiam·
1440 1438 1589 1473 erectuin

133 1480 172 1514 in
189 1479 333 1514 Ecclesia
347 1479 548 1517 Cathedrali
562 1482 716 1520 Tuderti
728 1511 737 1521 .
762 1485 810 1520 Ex
829 1485 1027 1532 visitatione
1042 1485 1126 1521 facta
1150 1498 1168 1520 a
1196 1484 1385 1523 Camajano
1401 1485 1560 1531 Episcopo
1576 1510 1588 1523 .

136 1529 171 1564 8(
199 1527 386 1563 Visitatore
411 1528 611 1575 Apostolico
643 1543 736 1568 anno
766 1542 866 1578 1572,
884 1533 1054 1579 indicium
1089 1534 1233 1569 habetur
1266 1533 1404 1568 unionis
1431 1531 1589 1568 beneficii

138 1576 257 1611 sanavi
277 1578 380 1611 ‘Petri
402 1578 440 1613 de
459 1580 569 1614 fenita
588 1578 690 1615 alteri
704 1579 1006 1626 beneficio'Safnflt‘
1020 1581 1206 1624 Sebastiani
1219 1607 1229 1619 ‚
1255 1582 1446 1616 dubitative
1459 1591 1588 1620 tamen,

139 1621 252 1667 inquit
267 1621 359 1657 enim
375 1642 409 1651 --
433 1627 571 1661 vnitum
595 1633 632 1660 ut
646 1629 773 1663 dicitur
790 1646 830 1653 --
847 1627 1098 1674 ldem'habetur
1114 1643 1156 1666 ex
1177 1630 1283 1665 altera
1307 1627 1498 1663 visitatione
1524 1639 1564 1673 pe
1577 1644 1594 1655 ··

139 1672 228 1704 tacta
241 1669 286 1703 ab
303 1671 445 1717 ,Angelo
458 1671 563 1707 Caefio
576 1673 744 1721 Episcopo
756 1675 948 1721 Tudertino
969 1686 1058 1712 anno
1080 1690 1177 1724 1592.
1191 1703 1200 1716 ,
1227 1677 1261 1711 in
1284 1688 1350 1724 qua
1373 1675 1474 1710 simili
1487 1678 1589 1711 modo

138 1716 278 1768 dicendi
305 1717 492 1763 expressum
517 1719 582 1755 suit
605 1741 636 1750 --
675 1720 816 1760 vultum
842 1722 881 1769 με’
902 1725 1058 1770 affer-itur
1083 1744 1120 1752 —-
1155 1726 1203 1760 At
1225 1725 1406 1770 diligenter
1430 1723 1588 1770 inspectis

141 1772 214 1815 tum
238 1764 325 1815 lipro
338 1766 527 1806 unionum,
551 1777 624 1804 tum
649 1771 835 1807 autenticis
855 1771 1058 1817 scripturis„
1085 1782 1157 1807 tum
1177 1772 1255 1806 auis
1283 1774 1423 1806 aliarum
1437 1771 1590 1805 omniurn

143 1809 377 1847 v1fitationum
394 1840 403 1853 ‚
425 1825 486 1848 nec
497 1816 575 1850 vola
587 1843 597 1856 ‚
623 1829 683 1852 nec
697 1817 876 1864 vestigium
890 1819 991 1860 hujus
1006 1817 1134 1856 assertae
1147 1819 1285 1854 unionis
1300 1818 1442 1864 reperiri
1458 1819 1591 1863 potuit·

144 1857 285 1893 Constat
301 1871 343 1894 ex
356 1860 614 1897 visitationibus
637 1865 886 1906 posterioribus
901 1866 968 1899 illis
979 1866 1157 1907 Camaiarii
1178 1893 1187 1906 ,
1211 1866 1241 1899 &
1257 1865 1355 1899 Caesii'
1382 1862 1592 1900 Beneficium

144 1907 262 1941 sunm
276 1910 378 1942 ‘Petri
393 1909 432 1943 de
451 1912 563 1944 cerrito
579 1910 707 1944 nullum
729 1922 810 1945 onus
833 1911 957 1946 habere
970 1938 980 1951 ‚
1003 1913 1034 1946 δι
1055 1913 1180 1958 semper
1200 1911 1369 1947 Visitatum
1387 1910 1479 1946 fuisse
1495 1912 1594 1946 inde-

141 1951 333 1999 pendetiter
346 1954 388 1989 ab
405 1955 512 1989 altero
528 1955 698 1992 Beneficio
722 1960 833 1993 Sim-‘li
850 1959 1059 2000 sebastiani,
1081 1960 1140 1995 sub
1166 1971 1303 2006 proprio
1336 1959 1453 1994 ritulo
1478 1960 1594 1995 Smffl

143 2003 274 2040 Petri,
299 2003 331 2037 δι
364 2000 502 2047 speciali
529 2004 666 2038 nomine
690 2004 851 2050 simplicis
876 2004 1061 2046 Beneficii3
1099 2008 1230 2044 Contra
1251 2019 1336 2042 vero
1352 2005 1597 2043 Beneficium-2

146 2048 263 2084 sanavi
277 2049 467 2091 Sebastiam·
480 2049 582 2085 habet
605 2063 689 2087 onus
710 2053 850 2088 duorum
864 2053 1031 2089 sacrorum
1044 2056 1196 2101 qualibet
1211 2054 1419 2089 hebdomada
1445 2055 1598 2101 agendo-

146 2105 222 2129 rum
247 2095 280 2130 in
304 2095 502 2131 cathedrali
529 2097 681 2133 Ecclesia
700 2099 847 2135 Tuderti
864 2128 871 2136 .
896 2099 969 2136 Post
991 2103 1150 2138 unionem
1171 2103 1288 2137 saetam
1311 2103 1351 2137 ab
1367 2101 1530 2147 Episcopo
1544 2101 1600 2136 Bi-

150 2141 231 2177 chio
244 2140 386 2179 parochi
416 2143 528 2178 castri
556 2144 844 2182 Ceccanibiorum
870 2159 956 2183 onus
988 2149 1050 2184 hoc
1085 2151 1342 2196 impleverunu
1374 2149 1602 2185 Recentiores

147 2193 231 2223 vero
245 2189 392 2226 Parochi
417 2191 500 2226 illud
515 2191 652 2238 implere
670 2195 888 2230 recusarunt:
909 2195 966 2230 hos
991 2196 1079 2231 inter
1092 2197 1161 2238 est,
1187 2198 1246 2245 qui
1263 2208 1351 2233 nunc
1365 2196 1601 2233 parochialem

151 2235 335 2272 Ecclesiam
349 2237 457 2273 Castri
473 2237 567 2274 illius
579 2248 697 2280 tenet,
719 2241 778 2286 qui
793 2241 827 2275 in
843 2241 934 2278 sacra
957 2243 1153 2281 visitatione
1166 2244 1360 2292 compulsus
1375 2243 1442 2280 fuit
1457 2244 1501 2282 ab
1519 2243 1604 2290 Epi·

149 2280 253 2327 scopo
276 2283 475 2321 Tudertino
490 2313 500 2325 ‚
526 2296 564 2321 ut
591 2299 676 2322 onus
703 2288 794 2324 illud
817 2289 977 2336 impleret
995 2321 1004 2329 .

104 2329 156 2363 At
173 2328 342 2366 Parochus
359 2333 461 2384 Sacro
480 2333 558 2368 huic
576 2333 763 2372 Tribunali
779 2335 891 2382 preces
903 2340 1033 2375 obtulit
1046 2368 1056 2381 ‚
1077 2342 1199 2389 quibus
1224 2340 1419 2388 postulabat
1439 2336 1605 2375 declarari

153 2387 229 2410 eum
247 2386 315 2411 non
331 2388 438 2415 teneri
458 2383 495 2415 ad
510 2379 573 2416 hoc
590 2393 674 2416 onus
696 2383 905 2431 implendum
922 2411 931 2421 .
952 2387 1106 2423 Auditus
1122 2388 1298 2434 Episcopus
1337 2389 1542 2424 sudertinus
1559 2385 1606 2420 se-

101 2453 103 2455 *
151 2425 299 2457 cundum
326 2436 401 2460 eum
428 2427 627 2474 respondit,
658 2430 811 2466 excludit
833 2432 924 2468 enim
954 2433 1109 2471 ass'ertam
1136 2436 1278 2471 uniones
1301 2434 1464 2470 Beneficii
1491 2434 1606 2469 ,ςαηὲἶὶ

153 2473 257 2506 ‘fetri
284 2471 384 2522 alteri
411 2472 576 2510 Beneficio
600 2479 716 2511 Stlntffi
740 2478 924 2520 Sebastiam
944 2503 953 2516 ‚
982 2481 1013 2516 &
1032 2482 1193 2528 diligenti
1218 2511 1227 2524 ‚
1251 2483 1492 2527 luculentaque
1518 2479 1608 2527 Epi-

152 2515 235 2570 stol?
255 2544 263 2556 ‚
294 2528 329 2551 ln
341 2530 405 2564 qua
423 2522 550 2556 cunctis
565 2523 745 2567 respondet
760 2552 770 2564 ,
797 2525 1058 2571 postulationem
1074 2529 1216 2566 Parochi
1233 2539 1348 2564 tuetur
1361 2552 1373 2564 .
1395 2527 1504 2565 Causa
1531 2539 1608 2573 pro-

150 2575 313 2609 ponitur.
335 2568 365 2601 <St
396 2566 707 2605 Parochuslibello
734 2572 790 2607 suo
807 2583 902 2620 urget
929 2574 1136 2611 Beneficium
1163 2579 1275 2613 saneti
1304 2576 1492 2617 Sebastiam
1514 2572 1608 2611 omni

152 2609 379 2662 Eficlefiastlca
404 2614 482 2648 dote
502 2627 617 2651 carere
632 2643 640 2655 ‚
666 2629 776 2666 neque
792 2621 861 2655 ulla
879 2621 910 2656 se
926 2623 1013 2658 bona
1027 2624 1187 2668 poffidere
1200 2651 1210 2664 ,
1234 2636 1307 2671 quae
1321 2624 1363 2660 ad
1379 2624 1447 2659 hoc
1472 2621 1610 2658 Benefi-

153 2668 242 2692 cii-im
260 2657 404 2703 spectent
420 2687 427 2699 ‚
453 2664 507 2696 ubi
525 2675 609 2698 vero
626 2665 720 2699 nulla
735 2667 792 2702 dos
809 2667 873 2708 est,
898 2670 1058 2717 nullique
1073 2670 1198 2708 fructus
1213 2699 1224 2712 ,
1251 2671 1345 2706 nulla
1360 2683 1493 2718 quoque
1505 2680 1612 2706 onera

153 2703 218 2738 effe
240 2707 382 2743 debent:
414 2709 536 2754 Neque
565 2711 680 2745 dotem
704 2712 866 2750 Beneficii
893 2719 1007 2752 Sanc‘li
1035 2718 1225 2760 sebastiani
1244 2720 1455 2764 quaerendam
1485 2717 1549 2753 effe
1578 2717 1614 2750 in

149 2750 255 2787 bonis
271 2755 406 2791 alter.us
422 2755 583 2793 Beneficii
600 2762 716 2796 Sancti
731 2766 834 2798 Petri
861 2764 895 2800 vi
915 2763 1048 2800 unionis
1062 2792 1072 2806 ,
1100 2779 1173 2814 quae
1190 2765 1342 2805 asseritur
1365 2767 1403 2802 in
1415 2763 1617 2804 visitationi-

277 2806 449 2845 Tam-xx.
936 2812 972 2847 A
998 2822 1020 2850 2
1512 2818 1573 2851 bus
