1955 3028
1554 100 1588 126 11

78 124 186 208 M
206 121 449 158 ARIANEN.
470 121 766 162 ERECTIONIS
780 126 1124 168 COLLEGIATE:
1152 133 1304 171 Praefeffi
1333 134 1452 171 Terrae
1468 142 1566 173 Lim-,ri
1580 165 1589 177 ‚
1654 143 1743 187 sess.
1772 152 1825 184 24.
1856 154 1870 178 1
1885 150 1919 175 ².

213 184 295 216 quos
310 179 437 207 ἵκανες
454 176 584 208 Patriae
601 186 798 220 nuncupant
814 203 824 216 ,
847 179 877 211 &
891 179 1015 214 Clesus
1030 182 1181 221 ejusdem
1212 185 1319 219 lerrx
1331 186 1424 219 dum
1440 185 1597 231 exemplo
1637 195 1680 227 (y
1699 192 1784 235 Sess.
1799 195 1855 226 26.
1882 202 1916 224 c.

125 220 250 266 Oppidi
266 222 464 267 >pel11ncati
478 245 486 258 .
515 224 604 266 quod
620 223 654 257 in
669 226 782 257 eadem
806 225 948 259 Ditecest
976 227 1183 265 Marianenfi
1197 232 1243 265 est
1257 258 1266 270 ‚
1292 233 1454 279 cujusque
1475 234 1596 279 Oppi-
1642 248 1691 274 12.
1707 241 1746 274 de
1762 237 1831 284 Ref.

125 266 204 303 dani
216 278 306 302 anno
328 279 422 308 1749.
440 269 668 305 obtinuerunt
683 270 727 305 ab
742 272 803 305 hoc
820 272 924 307 Sacro
948 273 1128 311 I'ribumli
1145 281 1350 314 erectionem
1364 282 1572 327 Collegiata:
1585 309 1594 323 ‚

125 315 353 350 Sacratissimo
368 315 519 361 Principi
533 318 646 352 nostro
672 330 788 363 preces
811 331 921 364 nuper
944 321 1146 358 obtulerunt
1172 352 1181 365 ‚
1208 328 1327 370 quibus
1353 327 1593 371 postutaoant‚

126 372 163 397 ut
179 364 356 398 Plebanam
371 363 551 398 Ecclesiam
579 365 612 400 S.
631 367 721 400 Petri
745 367 890 408 ejusdem
912 366 1028 404 Terrae
1057 375 1156 407 Laii
1172 383 1351 408 vacantem
1380 386 1486 408 morte
1513 377 1592 412 Ple-

123 412 203 446 bani
217 410 416 446 auctoritate
430 410 624 457 Apostolica
645 414 679 448 in
694 413 926 460 Collegiatam
943 414 1125 461 simplicem
1142 423 1286 466 erigeret
1302 447 1310 459 ,
1336 435 1408 469 quic
1426 425 1593 459 constaret

126 459 225 494 unica
237 457 420 504 Dignitate
434 459 577 495 nomine
593 462 903 509 ,κίνεὴίρνεπίζνῐενιΔ
918 464 1125 500 honestanda
1141 494 1149 505 ‚
1172 469 1296 513 cuique
1306 472 1495 504 animarum
1509 483 1593 506 cura

125 506 337 541 incumberet
364 532 375 545 ,
392 509 458 550 sex
486 510 684 546 C-znonicis,
710 509 835 544 aedituo
862 537 873 551 ,
897 512 954 547 seu
984 522 1018 546 ut
1046 514 1166 548 dicunt
1192 517 1338 554 sacrista
1361 545 1370 557 ‚
1395 528 1437 553 cy*
1464 522 1593 555 dnobus

127 553 329 588 Subcuratis
346 579 355 592 ,
382 554 439 599 qui
458 554 799 600 Archipresbyterum
817 558 850 591 in
866 571 943 594 cura
960 571 1150 596 animarum
1165 562 1373 603 coadjuvare
1386 575 1593 602 teneantur.

126 600 183 634 De
206 601 255 634 his
270 601 436 646 praecibus
450 601 497 637 R.
510 601 550 636 P.
565 602 613 636 D.
630 603 792 639 Datarius
818 608 932 642 audire
959 608 1071 642 voluit
1087 608 1337 646 Marianensem
1366 612 1565 659 Episcopum
1580 639 1591 652 ,

123 659 180 692 qui
207 647 314 683 animi
337 647 384 682 sui
403 647 601 683 sententiam
618 650 811 697 Collegiate
829 654 926 696 hujus
942 656 1098 689 erectioni
1127 656 1301 692 adversam
1331 661 1469 706 aperuit
1490 690 1497 696 .
1525 662 1592 695 Pa-

122 695 243 730 rochus
260 694 363 729 etiam
383 694 534 731 Eccleflae
549 697 659 732 Sancti
684 701 809 745 Angeli
835 704 975 744 Reolani
990 702 1128 738 liberari
1158 705 1324 749 postulans
1341 710 1384 741 ab
1399 719 1502 743 onere
1519 709 1592 743 sol-

122 743 223 777 vendi
238 741 397 777 Plebanae
417 742 571 779 Ecclesia·
597 748 695 780 Lurii
722 759 829 781 annua
848 749 932 784 scut.
952 761 1012 795 42.
1040 750 1252 787 decimarum
1268 754 1364 790 causa
1379 783 1388 795 ,
1416 755 1482 790 sese
1511 757 1590 791 huic

121 789 284 824 erectioni
307 792 586 826 contradictorem
612 794 787 838 pr‘estitit3
814 795 959 843 Ideoque
989 798 1033 832 R.
1062 798 1094 834 l’.
1116 800 1160 833 D.
1193 800 1358 836 Datarius
1380 803 1588 844 jurisdifflo-

119 847 198 872 nem
218 835 399 871 mandavit
415 840 516 873 sacro
539 838 617 874 huic
642 840 854 882 Tribunali,
880 846 969 878 utde
996 844 1084 879 hisce
1108 850 1270 881 omnibus
1296 850 1560 895 cognosceretur
1577 877 1588 887 .

119 883 290 919 Postulant
318 886 432 931 itaque
460 898 548 921 nunc
577 886 724 922 Prcefeffl
756 917 765 930 ‚
789 891 819 924 ὅ(
846 891 969 926 Clerus
994 895 1090 928 Lurii
1122 895 1326 941 Collegiatae
1357 899 1559 933 erectionem
1579 925 1590 939 =

119 932 294 977 postulant
308 958 317 970 ‚
348 942 383 966 ut
405 933 574 969 Parochus
593 934 626 969 S.
642 937 765 982 Angeli
786 937 934 973 Roleani
949 939 1110 977 reiciatur
1135 947 1285 988 agratia
1303 969 1313 982 ,
1342 957 1441 991 quam
1466 947 1560 992 petit
1574 973 1586 986 ,

118 979 344 1024 exemptionis
371 980 415 1015 ab
427 993 530 1016 onere
554 980 707 1017 solvendi
724 995 835 1020 annua
850 985 1004 1032 scut.42.
1017 999 1060 1022 ex
1085 991 1186 1025 causa
1204 990 1414 1027 decimarum
1432 1021 1438 1026 .

71 1026 285 1061 Erefflonem
311 1027 514 1074 Collegiatae
537 1027 780 1076 indulgendam
808 1031 870 1067 effe
885 1034 1079 1080 disputant,
1108 1038 1187 1082 quia
1208 1041 1415 1073 conveniant
1431 1046 1493 1076 hoc
1505 1041 1582 1078 casu

116 1074 229 1109 omnia
242 1073 401 1120 requisita
415 1086 433 1108 a
462 1076 630 1121 Magistris
644 1078 729 1118 Juris
753 1079 945 1120 Canonici3
968 1082 1123 1119 Estenim
1141 1085 1286 1119 Plebana
1314 1086 1458 1121 Ecclesia
1473 1088 1583 1134 splen-

115 1122 192 1156 dide
205 1122 359 1157 extructa
377 1149 387 1162 ‚
413 1123 554 1159 chorum
574 1124 677 1159 habet
690 1127 844 1174 amplum
858 1151 867 1165 ,
885 1129 1040 1173 pluribus
1063 1131 1193 1167 constat
1217 1132 1396 1178 Cappellis
1414 1162 1423 1175 ‚
1450 1135 1481 1169 &
1515 1137 1582 1171 Al-

116 1169 246 1204 taribus
270 1195 281 1208 ‚
306 1181 414 1215 eaque
439 1171 485 1204 est
510 1167 715 1213 latitudine,
740 1183 780 1209 ut
805 1175 979 1211 universos
1006 1176 1125 1215 Terrae
1152 1179 1242 1216 illius
1269 1180 1399 1217 lncolas
1423 1183 1581 1230 recipere

114 1215 213 1263 possit
225 1229 235 1249 ε
262 1215 423 1252 Instrueta
437 1217 482 1252 est
495 1218 606 1253 Sacris
622 1218 887 1266 supelleffllibus
900 1251 909 1264 ‚
934 1224 1056 1270 quibus
1084 1227 1191 1263 Sacrae
1206 1239 1326 1262 omnes
1355 1229 1558 1266 Funfflones
1569 1260 1580 1273 ‚

114 1276 189 1311 quae
214 1264 248 1298 in
264 1263 340 1299 aliis
353 1263 562 1310 Collegiatis
584 1266 739 1302 Ecclefiis
756 1269 810 1314 agi
825 1268 956 1309 solent,
983 1283 1126 1317 agantur
1142 1300 1152 1313 ‚
1177 1284 1280 1321 utque
1297 1276 1490 1313 conservari
1508 1306 1517 1318 ,
1546 1280 1580 1314 &

115 1310 344 1358 augeripoflit
360 1312 460 1347 Sacra
476 1312 627 1357 supellex
641 1325 751 1349 annua
766 1317 846 1351 scut.
860 1327 915 1353 20.
930 1318 1083 1355 Sacrario
1103 1322 1307 1358 tribuuntur
1319 1348 1329 1359 .
1358 1323 1467 1359 Terra
1482 1326 1579 1360 Lurii

113 1370 182 1393 non
196 1356 243 1393 est
260 1358 446 1404 ignobilis,
473 1361 760 1409 componiturque
774 1365 952 1401 numeroso
968 1367 1100 1414 Populo
1118 1369 1309 1405 animarum
1338 1372 1436 1417 1078.
1452 1386 1461 1406 :
1489 1385 1580 1409 nova

115 1403 316 1451 Collegiata
342 1418 494 1452 congruo
521 1406 800 1452 Canonicorum,
825 1413 1040 1464 aliorumque
1063 1417 1302 1453 Ministrorum
1317 1431 1463 1456 numero
1493 1432 1578 1456 con-

113 1453 233 1492 stabit,
259 1464 327 1498 quo
349 1453 466 1489 dlvina
485 1454 633 1496 Officia,
657 1458 831 1507 Sacraeque
857 1464 1055 1498 Functiones
1079 1464 1144 1499 rite
1167 1466 1278 1512 peragi
1309 1468 1428 1511 pofllnt
1452 1482 1460 1501 :
1488 1469 1546 1503 dos
1562 1497 1572 1510 ,

113 1513 186 1548 quae
201 1499 377 1546 Dignitati
392 1528 401 1542 ,
427 1502 483 1538 sex
499 1502 686 1542 Canonicis
699 1532 709 1546 ,
735 1509 932 1546 Subcuratis
946 1538 954 1550 ‚
973 1513 1006 1547 3<
1021 1512 1144 1548 aedituo
1158 1514 1377 1550 constituitur
1397 1528 1438 1551 ex
1454 1517 1576 1553 annuis

113 1547 273 1584 Plebanae
290 1547 446 1587 Ecclefiae
462 1551 647 1590 redditibus
671 1556 804 1593 excedit
829 1559 1012 1605 quotannis
1029 1560 1109 1596 scut.
1130 1572 1230 1603 500„
1258 1572 1295 1596 ut
1321 1562 1403 1598 satis
1429 1562 1492 1598 esse
1517 1565 1576 1600 vi-

113 1596 251 1632 deatur:
280 1598 410 1637 Divini
426 1600 550 1637 Cultus
575 1613 814 1650 augumentum
826 1618 866 1642 ex
884 1607 982 1650 hujus
999 1609 1207 1656 Collegiatae
1235 1610 1406 1646 erectione
1425 1610 1574 1648 inficiari

112 1654 179 1679 non
195 1645 320 1690 potest:
348 1647 466 1684 Nullae
477 1649 685 1687 conditiones
699 1653 921 1694 adiiciuntur,
948 1656 1034 1691 nulli
1049 1657 1407 1694 detrimentuminfert
1421 1660 1572 1700 erectio,

112 1692 204 1727 itaut
221 1694 489 1732 concludendum
503 1696 540 1732 fit
567 1699 792 1747 denegandam
806 1713 871 1737 non
888 1702 953 1738 effe
966 1704 1169 1751 Collegiatae
1184 1706 1382 1741 erectionem
1393 1711 1409 1747 ',
1436 1707 1572 1752 postha-

111 1739 193 1774 bitis
206 1740 459 1781 difficultatibus
481 1745 617 1789 objectis
645 1751 686 1784 ab
703 1748 887 1797 Episcopo,
914 1752 1263 1808 quasqinsubssstentes
1286 1753 1352 1788 esse
1378 1755 1569 1791 monstrans

112 1786 231 1823 libello
243 1788 300 1824 suo
324 1790 467 1833 Clerus,
494 1795 525 1829 &
540 1794 689 1831 Praefeffi
704 1820 715 1831 .
920 1811 971 1843 ,ντί
991 1820 1004 1832 r

63 1833 307 1872 Reiiciendum
320 1850 404 1875 vero
430 1840 493 1875 esse
514 1840 702 1879 Parochum
731 1845 885 1884 Ecclefiae
909 1848 943 1884 S.
969 1850 1095 1895 Angeli
1125 1849 1275 1884 Roleani
1293 1862 1311 1884 a
1336 1849 1570 1896 postulatione

107 1882 319 1919 liberationis
334 1887 374 1920 ab
385 1898 489 1922 onere
506 1888 662 1924 solvendi
678 1902 718 1926 ex
733 1893 830 1927 causa
847 1895 1055 1931 decimarum
1079 1908 1188 1931 annua
1205 1897 1287 1931 scut.
1305 1906 1363 1942 42·
1379 1925 1387 1936 ,
1413 1909 1490 1931 cum
1510 1925 1518 1937 ‚
1546 1898 1570 1933 fi

105 1930 255 1966 Plebana
271 1932 411 1969 Ecclesia
423 1934 516 1970 Lurii
532 1936 565 1971 in
577 1935 811 1985 Collegiatam
825 1941 1192 1986 erigatursedditibus,
1203 1945 1321 1990 quibus
1338 1944 1570 1992 indiget‚spo-

110 1977 186 2013 liari
204 1990 271 2014 non
281 1981 400 2016 debeat
413 1982 625 2020 ;Praesertim
639 1987 750 2032 ‚quod
765 1987 938 2024 parochus
957 1990 1102 2026 Roleani
1120 2003 1189 2026 non
1204 1992 1362 2026 monstret
1392 1994 1568 2027 necessita-

109 2032 176 2060 t'em
192 2039 199 2058 ε
214 2026 410 2075 Congruam
423 2030 515 2065 enim
528 2031 630 2066 habet
647 2044 704 2077 pro
717 2045 808 2069 more
822 2036 999 2083 Regionis,
1012 2039 1043 2073 8<
1059 2051 1141 2074 onus
1155 2039 1325 2074 retinendi
1338 2041 1568 2077 Subcuratum

110 2083 219 2108 annuo
232 2073 396 2119 stipendio
412 2077 482 2112 scut
511 2081 544 2114 8.
556 2090 623 2113 non
639 2080 685 2114 ita
698 2093 801 2128 grave
813 2084 878 2123 est,
906 2095 942 2119 ut
957 2084 1032 2119 ferri
1049 2098 1115 2120 non
1129 2087 1225 2133 poffit
1238 2112 1248 2125 ‚
1274 2085 1354 2122 ficut
1370 2088 1455 2123 illud
1473 2101 1568 2135 aequo

109 2118 387 2160 animotulerunt
410 2127 647 2162 antecedentes
667 2127 830 2170 Parochi,
857 2133 888 2166 ὅ(
913 2133 978 2177 ipse
993 2133 1105 2168 adhuc
1129 2134 1216 2169 illud
1231 2134 1336 2178 tulit;
1367 2134 1478 2181 quue
1494 2149 1570 2172 am-

113 2166 204 2211 plius
217 2194 227 2207 ,
252 2171 344 2216 quod
357 2171 414 2206 vel
430 2172 499 2217 ipse
514 2172 570 2208 sibi
591 2175 759 2220 imputare
773 2179 892 2219 debet,
918 2179 940 2213 fi
957 2180 1156 2217 parochiam
1175 2183 1294 2218 voluit
1307 2209 1316 2222 ‚
1344 2194 1416 2229 quae
1432 2184 1494 2219 hoc
1512 2185 1571 2219 ha·

112 2214 168 2247 bet
185 2226 265 2252 onus
290 2244 299 2257 ,
326 2217 409 2257 vel,
438 2219 459 2254 fi
483 2220 610 2266 aliquid
642 2223 857 2267 praestandum
873 2227 919 2262 est
941 2253 951 2267 ‚
977 2228 1122 2274 praestari
1149 2229 1250 2265 debet
1273 2242 1290 2264 a
1320 2230 1542 2267 Parochianis
1561 2259 1572 2274 ,

106 2261 226 2305 quibus
252 2264 459 2302 Subcuratus
489 2268 604 2314 praesto
625 2270 670 2304 est
695 2297 704 2310 ‚
732 2283 798 2307 non
822 2285 840 2308 a
866 2275 1016 2310 Plebana
1044 2276 1190 2314 Ecclesia
1219 2276 1316 2313 Lurii
1339 2306 1349 2319 ,
1374 2291 1445 2324 qux
1474 2279 1574 2314 deci-

106 2311 352 2390 rssasbrecipere
379 2314 482 2350 debet
509 2344 515 2352 .
545 2317 627 2352 Haee
659 2317 807 2356 Praefecti
824 2347 834 2361 ‚
858 2323 889 2358 ἃ
920 2322 1047 2359 clerus
1071 2325 1166 2361 Lurii
1193 2354 1200 2362 .
1234 2327 1319 2361 Duo
1348 2326 1423 2361 sunt
1448 2326 1570 2362 Causa:

150 2369 168 2389 u
201 2367 248 2392 ia.
474 2375 476 2377 v

58 2402 87 2436 l.
114 2411 172 2439 ²Aa
189 2405 335 2449 locusfit
356 2411 516 2447 erefflom·
530 2413 689 2450 'Pleba-nae
704 2417 850 2459 Ecclesiae
869 2421 984 2456 sanai
1013 2424 1113 2457 Petri
1132 2425 1238 2459 Terre
1254 2425 1355 2457 L2'1'rl'1'
1381 2424 1415 2456 57²
1432 2420 1569 2469 simpli*

251 2465 318 2489 cem
336 2459 556 2504 Collegit-:tam
571 2464 604 2496 in
622 2463 696 2505 casn
712 2468 786 2500 &a
798 2491 808 2504 ,
836 2466 866 2500 &
881 2475 1047 2513 quatenus
1060 2469 1269 2505 affirmative
1291 2493 1302 2503 .

63 2495 109 2530 ΙΙ.
134 2504 193 2534 An
209 2502 387 2537 Parochus
404 2507 549 2550 Ecclesiae
565 2511 680 2545 santii
694 2513 824 2558 Angeli
852 2515 992 2560 Roleani
1007 2520 1114 2554 eximi
1129 2517 1250 2554 debeat
1268 2516 1310 2551 ab
1322 2530 1419 2553 onere
1431 2518 1571 2561 solven-

249 2551 285 2584 di
301 2551 476 2585 Parachiae
497 2555 652 2591 Plcbante
668 2558 814 2600 Ecclesiae
831 2564 949 2597 Saum·
977 2567 1082 2600 ‘Petri
1094 2563 1301 2609 annuascut.
1315 2574 1372 2609 42.
1393 2562 1490 2609 solvi
1510 2565 1570 2609 so-

245 2597 312 2632 lica
332 2601 365 2632 in
383 2599 692 2648 caufiimportionis
708 2606 914 2645 decimarum
930 2610 964 2645 in
982 2622 1020 2644 ca
1041 2624 1060 2645 u
1078 2616 1152 2648 &a

148 2686 203 2723 Ad
218 2688 246 2724 1.
266 2692 488 2730 Affirmative
503 2720 512 2732 .
541 2695 595 2731 Ad
610 2697 655 2735 lI.
678 2699 856 2747 Negative
869 2727 879 2742 ,
907 2704 938 2738 &
954 2703 1095 2750 amplius
1111 2730 1120 2741 .

248 2789 411 2826 Tum-XX,
935 2797 962 2832 B
988 2809 1008 2834 z
1347 2802 1520 2841 HIERA-
