1956 3017
382 103 456 178 ἔξω
481 137 649 183 processus
664 163 674 177 ,
686 135 837 172 obtinuit
850 134 1107 172 revocationem
1119 132 1386 179 sequestrationis
1405 132 1575 175 fructuum
1591 134 1756 168 bonorum
1776 134 1839 168 Pa,-

383 186 541 222 rochialis
557 183 708 220 Ecclesiae
721 209 731 222 ,
756 184 786 218 &
804 183 1031 221 remotionem
1046 183 1236 218 Oeconomi
1248 209 1258 223 ,
1287 183 1318 218 &
1333 179 1608 227 obfignationum
1625 182 1758 216 Domus
1772 209 1782 222 ,
1807 185 1839 217 a&

385 235 602 268 Horreorum
627 257 637 270 .
656 232 820 277 depoteto
835 240 945 266 tamen
960 230 1100 267 Vicario
1114 253 1124 263 .
1535 272 1542 278 ,
1638 253 1640 257 .

336 282 505 317 Advento
521 280 656 313 tandem
673 277 820 323 processu
834 305 844 318 ,
865 276 974 312 Causa
992 275 1198 325 privationis
1215 275 1386 313 Parochiae
1399 282 1598 325 proponitur
1616 300 1622 307 .
1647 274 1733 310 Duo
1761 277 1838 312 sunt

387 326 530 362 crimina
551 351 560 365 ,
583 328 702 371 quibus
717 323 1197 373 Areliipresbyterimpetitur
1224 325 1376 363 suasore,
1404 331 1442 356 ut
1463 322 1532 368 ipse
1560 331 1677 371 putat,
1704 323 1734 356 ὅ(
1759 323 1840 360 teste

386 374 550 407 Hermete
571 372 701 407 Eadioli
714 396 725 406 .
751 373 900 410 Primum
916 371 962 406 est
979 398 989 411 ,
1010 373 1096 417 quod
1111 370 1280 416 virginem
1294 398 1304 411 ,
1328 381 1428 416 quam
1445 369 1495 403 uti
1509 367 1668 402 ancillam
1682 368 1838 406 domite-

387 421 540 459 tinebat,
564 420 698 456 abhinc
714 418 887 454 biennium
904 418 1106 457 vitiaverit,
1131 429 1200 460 qux
1228 419 1304 453 inde
1335 426 1436 452 utero
1460 426 1557 462 graVi
1588 414 1661 462 post
1682 426 1843 454 novem„

383 466 545 504 mensium
570 465 695 501 fastidia
712 491 722 503 ‚
735 466 833 501 enixa
848 465 914 503 est5
944 465 1100 499 Alterum
1115 466 1203 510 quod
1217 465 1505 508 Archipresbyter
1516 488 1525 501 ,
1546 471 1714 508 perpetuo
1728 465 1840 501 ebrius

381 514 421 548 sit
448 513 598 550 maximo
612 512 759 547 universi
776 511 897 557 Populi
924 511 1083 546 scandalo
1098 535 1108 545 .
1144 510 1276 551 restes,
1303 523 1389 558 quos
1426 510 1610 545 promotor
1630 509 1770 546 Fiscalis
1801 514 1840 548 ad

376 563 528 607 primum
552 559 678 593 crimen
694 560 901 603 probandum
915 558 1049 593 induxit
1065 586 1074 598 ,
1096 558 1135 591 de
1150 559 1266 594 auditu
1282 561 1324 594 ab
1350 556 1428 593 aliis
1442 557 1639 606 deponunt:
1670 558 1736 592 duo
1763 566 1843 593 tan-

386 616 458 642 tum
473 606 568 645 sunt,
594 604 650 651 qui
675 605 795 649 abipsa
819 606 941 641 vitiata
958 606 1099 652 Virgine
1115 604 1145 638 id
1167 604 1328 653 accepisse
1351 605 1471 641 dicunt
1500 614 1533 637 in
1551 601 1617 648 ipsa
1639 605 1844 651 Archipres-

385 653 500 699 byteri
516 655 614 692 domo
628 664 665 686 ea
681 653 799 694 nodie,
825 664 891 698 qua
907 652 1009 689 enixa
1022 652 1066 687 est
1086 678 1095 690 ‚
1117 650 1195 687 dum
1210 656 1241 687 ei
1268 664 1368 699 opem
1382 652 1535 687 ferebant
1550 676 1560 688 ‚
1585 650 1740 686 Foemina
1767 665 1841 700 qux

384 701 472 735 nihil
499 702 621 747 probat
650 702 683 734 in
702 699 832 742 judicio
855 699 1051 737 criminali,
1085 700 1116 733 8<
1140 699 1300 745 Physicus
1323 699 1423 735 refert
1446 700 1536 733 alter
1553 698 1845 746 Archipresbyte-

386 759 461 782 rum
475 759 511 780 ea
526 748 622 781 noete
643 747 729 781 fores
740 746 860 781 domus
875 747 938 781 suae
952 745 1238 793 pulsafle,rogaffe
1253 758 1344 787 eum,
1358 756 1394 782 ut
1415 745 1538 781 honori
1554 771 1563 785 ,
1581 746 1774 792 nominique
1785 747 1846 784 suo

384 793 575 829 consuleret
591 820 600 833 ‚
621 794 652 828 8(
670 792 789 828 foetum
803 803 899 828 extra
913 792 1116 829 Gradariam
1132 795 1217 830 clam
1234 793 1355 829 ferret:
1382 794 1508 829 Narrat
1526 794 1672 828 Hermes
1690 793 1818 830 Badioli
1830 821 1842 836 ‚

384 842 441 886 qui
457 840 581 876 Reoor
606 841 651 876 est
664 840 805 875 alterius
822 840 1033 877 parochialis
1049 840 1204 877 Ecclefiae
1227 841 1374 876 eiusdem
1396 839 1520 885 Oppidi
1538 864 1548 877 ‚
1571 839 1739 875 audivisse
1767 842 1842 876 Ar·-

384 888 634 934 cmpresbyteri
661 890 810 922 Matrem
836 889 987 935 querelas
1011 890 1051 924 de
1074 888 1146 925 filio
1173 889 1375 924 fundentem
1391 915 1400 928 ,
1427 887 1519 933 quod
1541 897 1658 932 parum
1685 887 1843 924 honestos

386 935 475 977 jocos
491 962 500 975 ,
525 935 679 982 lususque
694 934 812 981 egiffct
825 947 903 970 cum
916 936 1051 972 Puella:
1076 946 1268 982 correptum
1282 948 1299 971 a
1311 946 1418 971 matre
1439 934 1551 970 filium
1563 960 1573 974 ,
1600 933 1658 980 qui
1673 934 1834 983 indigna·-

390 993 442 1017 tus
466 995 540 1016 eam
570 986 707 1028 coegit,
728 992 764 1018 ut
781 984 934 1024 Fanum,
960 986 1046 1019 unde
1070 984 1281 1023 discesserat,
1306 993 1474 1030 repeteret
1494 1011 1499 1017 .

341 1031 424 1069 Non
450 1029 622 1065 inficiatur
648 1030 938 1075 Archipresbyter
959 1031 1120 1066 ancillam
1141 1031 1237 1068 domi
1259 1031 1324 1068 suae
1347 1029 1511 1076 peperiffe
1537 1058 1546 1069 ,
1570 1038 1675 1075 negat
1705 1030 1845 1077 probari

386 1079 430 1111 ob
446 1077 477 1111 id
495 1078 652 1112 vitiatam
676 1077 721 1111 ab
746 1088 788 1111 eo
811 1076 907 1112 fuisse
922 1105 932 1119 ‚
956 1088 1066 1113 narrat
1098 1079 1282 1126 Virginem
1311 1078 1405 1114 illam
1428 1076 1592 1112 simulasse
1613 1079 1802 1123 hydropem
1830 1092 1841 1112 τ

388 1126 546 1167 deceptos
574 1123 670 1159 fuisse
689 1123 793 1159 etiam
821 1124 974 1161 Medicos
991 1152 1001 1166 ,
1026 1133 1063 1161 ut
1087 1126 1212 1162 mirum
1236 1124 1300 1160 esse
1327 1136 1394 1160 non
1419 1125 1536 1160 debeat
1561 1151 1571 1164 ,
1597 1125 1620 1158 ii
1637 1151 1647 1164 ,
1679 1125 1710 1159 &
1742 1124 1846 1170 ipse..-

388 1170 490 1204 sucrit
503 1172 685 1216 deceptus:
710 1170 778 1218 post
791 1172 922 1206 editum
937 1175 978 1207 ab
992 1173 1051 1208 illa
1066 1183 1197 1219 partum
1211 1172 1334 1210 curasse
1347 1199 1356 1213 ,
1382 1180 1419 1207 ut
1432 1174 1521 1206 clam
1534 1179 1630 1207 extra
1644 1171 1846 1207 Gradariam

390 1216 591 1253 defferretur
609 1245 616 1256 ,
644 1227 714 1253 tum
729 1227 765 1253 ut
783 1219 904 1255 honori
921 1246 931 1260 ‚
951 1219 1115 1267 famaeque
1130 1221 1256 1258 Puell‘e
1269 1220 1483 1261 consuleret,
1507 1229 1579 1254 tuin
1611 1227 1648 1253 ut
1671 1230 1844 1255 omnem-s

389 1277 407 1298 :t
433 1265 462 1298 se
497 1264 720 1311 suspicionem
747 1275 949 1307 amoveret,
977 1279 1065 1302 neve
1090 1270 1121 1303 ei
1144 1269 1414 1314 impingeretur,
1437 1270 1526 1312 quod
1543 1277 1613 1301 non
1642 1264 1847 1307 admiserat,

388 1313 514 1347 crimen
532 1339 541 1352 ‚
566 1313 662 1356 cujus
688 1313 758 1350 sola
773 1313 914 1359 suspicio
927 1315 1168 1350 detrimentum
1184 1315 1289 1351 infert
1304 1315 1392 1350 Viro
1416 1312 1669 1351 Ecclesiastico,
1698 1314 1728 1348 &
1744 1313 1849 1349 Paro-

389 1360 454 1394 cho
471 1387 480 1397 ,
505 1371 522 1392 a
538 1372 604 1405 quo
627 1372 695 1395 non
712 1362 840 1396 crimen
858 1371 1009 1402 tantum,
1036 1361 1089 1397 sed
1112 1364 1215 1399 etiam
1238 1361 1377 1407 suspicio
1403 1360 1556 1397 criminis
1580 1359 1691 1396 abesse
1723 1359 1848 1396 debet:

392 1407 761 1443 inverisunilitudinem
778 1409 854 1444 satis
871 1420 947 1443 eum
962 1408 1145 1445 defendere
1158 1435 1168 1448 ,
1195 1422 1271 1447 nam
1284 1409 1500 1454 siVirginem
1524 1405 1768 1449 compressisset
1786 1435 1808 1445 „
1827 1407 1851 1443 st

391 1453 536 1489 sciviffet
563 1466 629 1490 non
656 1455 806 1501 hydrope
830 1455 1010 1495 laborare,
1035 1457 1091 1491 sed
1113 1466 1350 1504 utero-gerere
1377 1483 1386 1495 ‚
1426 1455 1528 1490 facile
1550 1455 1651 1490 nimis
1677 1454 1708 1489 ei
1737 1453 1850 1490 fuisset

390 1501 545 1535 Puellam
573 1502 658 1537 alibi
682 1503 863 1539 transferre
887 1503 1223 1541 extraGradiavriam
1238 1532 1247 1545 ,
1271 1516 1380 1550 neque
1405 1503 1453 1538 ita
1471 1500 1581 1538 fuisset
1611 1503 1748 1548 ineptus
1765 1528 1772 1540 ,
1789 1503 1849 1548 qui

391 1548 547 1583 voluisset
562 1575 570 1588 ,
598 1559 634 1583 ut
659 1550 750 1585 domi
779 1551 841 1587 suae
857 1550 969 1587 fletum
985 1556 1184 1588 emitteret:
1205 1551 1556 1589 Mulierculamillam
1576 1577 1584 1589 ‚
1610 1551 1642 1585 ἃ
1664 1549 1844 1596 physicum

392 1607 459 1629 non
485 1596 671 1632 convenire
686 1598 720 1633 in
739 1598 800 1638 iis,
824 1611 896 1644 qua:
911 1598 1061 1634 referunt
1076 1626 1084 1639 ‚
1111 1612 1173 1636 nec
1195 1599 1380 1636 verisimile
1402 1599 1474 1634 fieri
1499 1624 1509 1638 ,
1531 1606 1568 1633 ut
1594 1597 1627 1633 id
1657 1598 1847 1644 accipere...

392 1652 591 1688 potuerint,
621 1654 656 1678 ut
681 1644 798 1687 ajunt,
825 1648 867 1681 ab
890 1646 960 1692 ipsa
976 1647 1122 1688 ancilla,
1147 1660 1225 1684 cum
1249 1647 1317 1693 ipsa
1339 1647 1422 1682 alios
1440 1645 1541 1692 stupri
1570 1644 1844 1681 reosaccusave-

392 1690 460 1730 rit,
490 1703 559 1725 non
588 1692 935 1739 Archip2esbyterum
956 1720 967 1734 ,
991 1703 1027 1729 ut
1050 1697 1088 1729 ad
1115 1697 1251 1731 Sacram
1278 1694 1590 1741 Coneregationem
1616 1692 1766 1740 negociis
1783 1718 1792 1732 ,
1818 1693 1854 1727 &-

392 1737 701 1774 consultationibus
718 1740 986 1784 Episcoporum,
1011 1743 1040 1776 &
1066 1741 1292 1788 Regularium
1316 1735 1526 1788 praepositam
1551 1740 1682 1785 scripsit
1706 1739 1852 1788 Episco-

392 1810 415 1823 „
441 1796 500 1830 pus
519 1811 540 1825 „
565 1785 682 1821 Costei
708 1788 762 1821 del
788 1787 875 1823 sallo
898 1788 1083 1823 commesso
1107 1789 1290 1835 incolpava
1316 1792 1400 1825 tutt'
1414 1789 1493 1824 altri
1514 1815 1523 1828 ‚
1546 1789 1608 1823 che
1624 1789 1647 1822 il
1674 1786 1852 1824 medefiino

392 1860 415 1871 ,.
444 1833 647 1880 Arciprete,
672 1845 691 1867 e
714 1835 818 1869 molte
842 1846 1041 1881 congetture
1055 1848 1182 1872 ancora
1213 1838 1258 1873 mi
1283 1836 1508 1878 escludevano
1532 1835 1558 1870 il
1580 1834 1613 1869 di
1639 1834 1687 1869 lui
1718 1844 1855 1876 reato„

392 1880 440 1915 nil
457 1881 673 1914 tribuendum
692 1880 781 1916 falsae
798 1881 927 1917 Badioli
955 1884 1143 1919 narrationi
1189 1895 1290 1930 quam
1306 1884 1421 1919 Mater
1445 1883 1511 1930 ipsa
1539 1881 1850 1930 Arc'hipresbyteri
1892 1904 1895 1907 ,

393 1926 527 1961 destruit
547 1952 555 1964 ‚
578 1927 689 1962 dicens
716 1929 893 1964 volentem
910 1956 920 1968 ,
943 1929 1184 1975 labentemque
1215 1930 1342 1974 Fanum
1363 1929 1533 1977 repetiisse
1556 1929 1638 1966 aliis
1659 1942 1702 1967 ex
1726 1930 1851 1968 caulis.

395 1976 423 2007 ὅι
441 1985 552 2007 annua
567 1975 677 2017 sc-go.
702 1986 719 2007 a
738 1974 810 2009 filio
837 1975 985 2021 recipere
1000 2002 1008 2014 ‚
1031 1975 1142 2021 quain
1155 1989 1192 2012 re
1205 1979 1310 2012 a'lium
1337 1979 1441 2014 habet¹
1457 1977 1639 2014 contestem
1655 2005 1663 2014 .

349 2022 403 2060 ,Ad
419 2022 565 2056 „lteram
579 2020 754 2055 ebrietatis
770 2030 940 2066 perpetuae
953 2023 1081 2060 crimen
1095 2022 1300 2067 probandum
1321 2023 1487 2060 sexdecim
1501 2025 1599 2060 testes
1617 2024 1754 2060 inducit
1768 2024 1847 2060 Pro·

397 2077 509 2102 motor
524 2067 684 2102 Fiscalis:
712 2068 821 2103 Exhis
843 2069 960 2104 decem
982 2068 1026 2104 de
1043 2070 1159 2106 auditu
1173 2071 1448 2108 testificationem
1476 2071 1584 2107 facere
1614 2073 1700 2108 dicit
1717 2073 1853 2109 Archi—

393 2117 578 2165 presbyter
597 2140 606 2154 ,
634 2114 778 2161 ideoque
792 2115 882 2152 nihil
910 2119 1054 2161 probare
1069 2144 1078 2157 ,
1104 2117 1158 2154 sex
1182 2118 1266 2154 alios
1292 2120 1501 2156 ebrietatem·
1529 2130 1673 2166 arguere
1697 2118 1850 2166 eleganti

392 2172 547 2201 ratione,
572 2163 660 2207 quod
675 2162 743 2207 post
765 2163 944 2210 prandium
961 2164 1127 2198 dormiat:
1155 2164 1239 2201 duos
1251 2166 1387 2202 demum
1403 2192 1414 2206 ,
1434 2168 1493 2215 qui
1507 2178 1586 2204 eum
1600 2193 1611 2207 ‚
1634 2167 1767 2203 ebrium
1794 2167 1855 2203 vi·-

392 2209 471 2259 diffe
484 2208 599 2244 dicunt
626 2211 823 2255 nuptiarum
848 2211 1068 2255 quarumdam
1087 2219 1266 2257 tempore,
1290 2216 1465 2251 contraria
1482 2217 1622 2255 uicere}
1646 2217 1739 2254 alteir·
1759 2216 1853 2252 enim

394 2254 508 2302 inipsa
533 2256 658 2295 domo,
687 2257 722 2292 in
738 2269 804 2301 qua
829 2258 954 2301 nuptiae
978 2257 1262 2300 celebrabantur,
1286 2272 1367 2296 eum
1393 2261 1541 2300 dormire
1561 2262 1737 2304 debuiffe,
1765 2265 1850 2299 alter

393 2314 476 2338 vero
501 2329 510 2342 ,
559 2305 616 2349 qui
648 2303 694 2339 est
719 2305 863 2344 Hermes
900 2304 1034 2343 Badioli
1060 2332 1072 2346 ‚
1104 2305 1304 2344 Gradariam
1339 2307 1472 2347 rediifl'e
1500 2310 1591 2349 ‚dicit
1621 2337 1640 2351 .,
1676 2309 1848 2348 .licet.vix

394 2351 540 2394 pedibus
552 2350 726 2389 consistere
750 2350 853 2399 pollet
866 2365 876 2385 ε
901 2353 1045 2401 denique
1056 2358 1251 2394 contrarios
1266 2368 1380 2394 omnes
1398 2356 1511 2394 [estes
1524 2359 1577 2395 uti
1592 2358 1690 2398 falsos
1704 2357 1846 2397 reicien.

393 2398 455 2449 doe
479 2397 542 2433 effe
565 2399 712 2445 disputat
731 2401 1015 2448 Archipresbyter
1039 2401 1236 2440 testimonio
1249 2406 1500 2453 quinquaginta
1515 2407 1651 2443 patrum
1669 2404 1816 2444 familias
1832 2431 1842 2444 ‚

400 2446 510 2490 quide
524 2448 594 2488 ejus
610 2459 739 2483 morum
768 2448 967 2496 integritate
979 2448 1195 2489 testificantes
1208 2452 1476 2491 Sacratii'simum
1486 2454 1686 2500 Principem
1698 2451 1847 2488 nostruin

396 2492 519 2527 oblatis
536 2497 689 2537 precibus
704 2496 860 2533 adierunt
873 2523 883 2536 ‚
911 2499 1031 2543 quibus
1046 2497 1283 2544 postulabant,
1304 2509 1342 2535 ut
1372 2500 1478 2547 ipsum
1503 2501 1847 2547 Archipresbyterum

399 2543 437 2574 ad
451 2540 676 2590 Parochiam,
702 2555 803 2586 quam
830 2544 866 2580 vi
892 2553 1053 2592 metuque
1076 2546 1211 2581 coaetus
1236 2547 1408 2583 dimiserat
1425 2576 1435 2589 ,
1460 2546 1731 2594 redintegraret.
1761 2548 1847 2582 Haee

397 2585 706 2666 ἑτεῐῖηρτεεὺγιειπ
731 2603 750 2627 a
768 2592 965 2631 Promotore
979 2592 1101 2634 Fiscali
1114 2594 1270 2633 nondum
1285 2595 1441 2633 libellum
1455 2597 1655 2638 habuimus:
1679 2595 1747 2631 duo
1772 2594 1847 2630 sunt

432 2643 472 2666 au
490 2645 515 2667 ae
530 2644 639 2679 capita
659 2663 666 2671 .

350 2680 383 2723 -10
413 2683 479 2721 An
497 2681 552 2728 stt
577 2684 669 2722 locus
679 2690 892 2732 privationi
903 2691 1088 2731 Paroctfiae
1108 2693 1238 2741 incasit
1251 2692 1323 2736 &a
1345 2693 1382 2734 &
1402 2701 1577 2744 quatenus
1596 2693 1795 2782 negzltlivg.

1246 2770 1249 2774 .
1713 2762 1722 2773 .
1786 2754 1804 2779 n
