1978 3017
40 1060 129 1104 Sess.
145 1064 202 1095 24·
216 1067 246 1089 c·
262 1066 290 1091 1.

23 1108 62 1143 de
76 1105 148 1153 Refi
161 1109 272 1140 Matr·

381 125 447 199 352.
461 166 492 200 4.
508 162 584 204 eap-
605 168 735 196 1.num.
751 163 807 203 27.
835 160 968 194 Gamla
981 161 1020 194 de
1050 159 1163 202 Renes.
1175 170 1255 206 par.
1283 167 1402 206 neap.
1427 167 1458 193 2.
1486 171 1575 196 num.
1601 170 1658 200 30.
1687 163 1852 207 Vasqtiez

382 218 477 256 „pem
492 204 613 241 moral·
630 206 669 243 de
687 205 805 248 Benef-
817 218 889 253 cap.
905 214 940 242 4.
955 207 1061 240 artic.
1076 217 1105 240 i.
1117 206 1196 242 dub.
1209 216 1240 251 3.
1259 217 1338 242 num
1366 216 1414 241 ii.
1440 209 1601 243 Bonacin.
1627 209 1757 254 dt'sput.
1781 218 1808 241 t.
1823 209 1862 244 dc

383 255 480 291 horis
496 258 613 287 Canon.
627 250 739 297 quaest.
755 255 914 300 &purifi
932 263 965 299 4.
983 266 1073 289 num.
1089 257 1124 288 6.
1139 280 1149 293 ‚
1175 260 1302 289 Lotter.
1318 254 1358 288 de
1373 252 1512 294 Benefic-
1525 253 1586 289 lib.
1608 267 1636 290 1.
1656 255 1780 302 quaesl.
1807 263 1861 293 32„

383 313 473 338 num.
489 310 548 345 35·
561 298 730 346 Alphons.
744 301 782 335 de
797 306 862 337 Leo
876 303 914 337 de
930 300 1017 345 Offic.
1034 301 1182 348 Cappa-ll·
1197 301 1306 347 quiesi.
1323 310 1356 341 4.
1376 313 1458 348 par.
1473 301 1506 337 6.
1532 306 1673 350 campan
1685 301 1724 336 il.
1749 305 1784 338 in
1807 304 1861 336 cii-

382 348 473 391 vers.
488 350 572 392 ‘Jur-
596 351 713 381 canon.
729 348 822 384 rubr.
835 356 867 394 7.
882 356 957 393 cap.
971 350 1002 383 6.
1021 360 1113 385 num.
1133 357 1160 381 ι,
1182 350 1323 385 Citylin.
1337 357 1441 383 contr.
1468 349 1538 391 for.
1554 349 1617 384 lio.
1654 361 1684 385 ι.
1705 358 1781 395 cap.
1802 358 1856 388 53.

382 407 471 432 num.
490 402 544 434 52.
557 394 674 428 Piton.
688 395 727 430 de
746 398 903 432 controt‘v.
919 400 1067 431 Patron.
1087 396 1232 442 allegat.
1248 396 1304 432 80.
1322 407 1413 431 num.
1425 404 1458 440 5.
1474 420 1484 434 ‚
1511 394 1543 428 ὅ(
1560 396 1734 443 respondit
1752 395 1856 429 Sacra

380 443 454 477 haec
468 439 703 486 Congregatio
727 441 764 477 in
789 443 998 478 Derthonen.
1027 454 1079 488 ²9-
1103 441 1255 488 „Act-gusti
1286 454 1384 489 1730.
1400 468 1409 481 ‚
1436 446 1480 479 (φ’
1496 445 1530 478 in
1557 444 1859 492 Angelopoli'tana

384 490 683 537 cappellanzarum
702 499 734 529 5.
756 490 900 536 Aprilis
923 499 1019 530 1732.
1036 492 1077 524 ad
1100 490 1249 525 Dubium
1266 495 1291 524 I.
1307 500 1343 525 ut
1360 493 1394 525 in
1413 489 1573 533 Thesaur.
1587 492 1739 538 Resolut.
1764 496 1856 526 sacr.

383 542 584 584 congregat.
599 535 675 570 Vol.
697 541 736 572 V.
754 545 791 584 p.
806 546 877 581 3¹7·
892 561 903 575 ‚
927 538 959 572 δι
978 548 1084 581 nuper
1110 539 1146 571 in
1169 538 1399 585 Senogizllien.
1428 538 1654 584 cappellam'ae
1683 537 1860 588 propofita

384 585 439 620 die
455 595 490 626 9.
502 584 591 616 Maii
611 589 714 626 1750.
726 609 736 622 ,
761 587 806 620 Θ
818 583 956 626 definita
971 586 1032 620 die·
1044 593 1098 619 20.
1115 586 1220 627 &unii
1235 587 1346 620 eodem
1362 598 1461 621 annno

338 631 426 667 Haec
451 630 631 664 Patronae:
654 630 818 670 Addunt,
843 640 882 666 ut
908 657 919 671 ‚
945 631 966 666 fi
996 631 1066 667 haec
1093 629 1180 667 ratio
1203 630 1483 668 Eminentiffimis
1505 629 1662 667 Patribus
1687 643 1754 668 non
1803 632 1854 667 la·

384 685 484 760 {5³¹2
512 674 655 758 Rodum
683 678 728 714 ab
744 678 1027 716 Eminentissimo
1055 680 1195 716 Abbate
1208 679 1418 727 propositum
1443 679 1746 725 exequijubeant.
1816 692 1859 715 u—

410 736 480 760 ium
499 735 518 759 e
563 749 570 758 .

338 777 399 809 ’.Λη
415 773 639 808 canonicatus
650 772 818 816 fundatus
840 789 859 810 a
875 777 1040 822 quondam
1062 777 1210 812 Horatia
1226 777 1374 813 Venturi
1386 777 1481 820 erigi
1506 775 1627 810 debeat
1651 788 1724 812 cum
1744 776 1855 813 omni-

385 819 449 855 bus
465 819 718 856 conditionibus
732 834 751 854 a
768 825 972 860 fundatrice
980 823 1215 870 praescriptis,
1230 824 1290 867 jhu
1302 823 1539 870 potiusjuxta
1555 825 1688 860 modum
1701 822 1744 858 ab
1762 824 1855 863 Emi·-

387 867 570 912 nentiffimo
583 866 725 905 abbate
739 871 774 904 in
792 871 858 917 sua
875 870 1121 916 informatione
1142 869 1344 914 insinuatum
1359 871 1394 904 in
1408 870 1483 917 casii
1499 874 1574 906 &a

433 960 520 997 Non
534 961 706 1009 proposita
723 987 735 999 .

338 1055 434 1140 A
456 1054 664 1097 DJACEN.
681 1055 1036 1092 MATRIMONII:
1064 1057 1196 1105 Captus
1210 1073 1326 1098 amore
1340 1088 1350 1102 ,
1376 1060 1430 1097 sed
1444 1062 1544 1107 longe
1558 1058 1663 1108 magis
1683 1058 1764 1095 dote
1778 1057 1861 1097 Ma*

462 1103 522 1140 riae
536 1100 750 1149 Magdalenae
769 1104 1004 1152 Martinenghi
1029 1105 1159 1142 Pueliae
1190 1109 1387 1151 Adiacenfis
1418 1109 1625 1144 Dominicus
1644 1107 1745 1143 Gesta
1772 1108 1864 1144 Cal-

384 1149 495 1187 venfis
511 1177 522 1190 ,
548 1161 627 1185 cum
640 1162 732 1188 anno
753 1162 852 1193 1744.
868 1153 1007 1195 Adiacii
1024 1163 1153 1188 moram
1180 1157 1330 1192 traheret
1349 1184 1359 1197 ‚
1386 1156 1538 1202 salsoque
1563 1156 1687 1197 iat-’tans
1699 1154 1732 1190 se
1757 1167 1865 1192 unum

383 1197 660 1234 esseditimisstmi
684 1200 889 1236 Patrimonii
917 1201 1108 1240 haeredem,
1132 1202 1164 1236 &
1180 1215 1248 1239 non
1275 1204 1336 1240 niti
1355 1215 1456 1240 unam
1479 1203 1573 1239 domi
1600 1202 1751 1238 sororem
1774 1202 1863 1243 esse,

383 1246 523 1295 nuptias
540 1257 617 1282 cum
641 1246 759 1284 Maria
779 1248 985 1295 Magdalena
1012 1249 1176 1284 initurum
1193 1250 1375 1300 spopondit
1403 1281 1409 1288 .
1439 1251 1590 1287 Patrium
1617 1250 1724 1296 igitur
1750 1250 1867 1296 Oppi-

383 1294 465 1329 dum
477 1294 621 1341 repetiit
639 1319 650 1333 ‚
674 1296 707 1330 8(
724 1296 926 1332 mandatum
950 1296 1045 1333 dedit
1061 1295 1240 1334 francisco
1260 1300 1420 1336 Antonio
1444 1299 1584 1334 Astimae
1608 1296 1865 1343 consanguineo

385 1341 447 1377 suo
465 1369 475 1381 ‚
499 1341 810 1380 utmatrimonium
824 1355 900 1379 cum
915 1343 1129 1390 Magdalena
1151 1347 1372 1383 contraheret
1388 1374 1399 1388 ‚
1424 1345 1480 1382 sed
1496 1345 1600 1390 paulo
1614 1344 1687 1390 post
1702 1369 1713 1383 ,
1733 1344 1866 1390 nuptiis

383 1390 538 1425 nondum
554 1390 737 1426 contradis
751 1418 761 1432 ‚
786 1390 961 1437 epistolam
977 1392 1071 1427 dedit
1085 1394 1125 1428 ad
1149 1393 1410 1432 Procuratorem
1430 1394 1530 1428 illum
1555 1392 1652 1429 suum
1668 1416 1677 1429 ,
1700 1402 1768 1437 qua
1792 1392 1865 1427 haec

383 1436 553 1483 scripsit„
579 1446 807 1486 quantunque
849 1438 906 1473 nel
921 1442 1080 1475 mandato
1095 1440 1129 1476 di
1154 1442 1225 1478 mia
1240 1443 1392 1480 Procura
1421 1441 1516 1478 fatto
1533 1452 1550 1475 a
1580 1443 1621 1477 V.
1647 1441 1678 1473 S.
1693 1450 1753 1484 per
1768 1440 1868 1474 cele-

384 1509 409 1525 ‚,
435 1484 535 1519 brare
550 1495 568 1518 a
591 1483 663 1519 mio
679 1497 779 1522 nome
803 1487 830 1523 il
854 1487 1074 1523 matrimonio
1087 1501 1153 1536 per
1169 1491 1277 1527 verba
1293 1494 1334 1526 de
1353 1492 1514 1538 praesenti
1537 1486 1630 1523 colla
1656 1486 1728 1532 Sig.
1753 1485 1866 1522 Maria

387 1557 412 1573 „
441 1530 624 1568 Madalena
639 1532 880 1582 Martinenghi
894 1533 928 1568 di
955 1535 1086 1572 codesta
1100 1536 1199 1571 Citt‘a
1210 1550 1273 1584 per
1295 1538 1486 1574 scordanza
1499 1534 1558 1570 del
1579 1534 1718 1569 Notaro
1736 1544 1802 1567 non
1829 1533 1867 1569 vt'

386 1605 412 1620 ,‚
437 1577 481 1613 fia
496 1580 529 1615 ia
547 1580 757 1617 condizione
771 1610 782 1624 ‚
804 1584 867 1618 che
884 1582 995 1628 prima
1008 1582 1098 1620 della
1114 1585 1349 1621 celebrazione
1371 1584 1404 1618 se
1420 1584 1469 1630 gli
1489 1582 1598 1617 faccia
1618 1581 1652 1617 lo
1673 1579 1787 1615 sborso
1803 1579 1865 1615 del

380 1653 410 1669 2,
435 1635 601 1668 contante
616 1628 732 1665 dotale
759 1631 910 1676 pattuito
925 1639 976 1665 tra
993 1638 1048 1665 me
1064 1659 1074 1672 ,
1098 1643 1116 1666 e
1134 1631 1167 1667 la
1183 1632 1306 1668 Madre
1320 1660 1328 1672 ‚
1356 1645 1374 1668 e
1388 1629 1528 1666 Parenti
1543 1629 1634 1663 della
1652 1626 1754 1672 Sposa
1768 1653 1778 1667 ,
1805 1639 1866 1662 av-

382 1700 408 1717 „
435 1675 565 1712 vertirh
581 1674 670 1712 V.S.
689 1689 707 1711 a
732 1689 800 1714 non
816 1677 943 1714 andare
972 1678 1039 1714 alla
1055 1677 1251 1714 esecuzione
1276 1680 1366 1716 della
1391 1676 1517 1714 facoiu'i
1541 1675 1675 1715 datale,
1702 1686 1720 1708 e
1747 1685 1813 1709 non
1841 1674 1866 1710 fi

381 1746 410 1763 .,
434 1720 517 1757 lasci
532 1723 718 1769 ingannare
728 1725 822 1761 dalle
838 1725 929 1760 bene
947 1726 1067 1771 parole
1081 1752 1090 1766 ‚
1115 1727 1241 1771 perche
1257 1727 1281 1761 il
1297 1729 1367 1762 mio
1380 1723 1541 1761 consenso
1556 1734 1624 1774 ⁰⁰¹¹.
1636 1723 1671 1758 vi
1687 1721 1758 1757 sara
1771 1723 1864 1761 mai,

382 1795 409 1813 ‚,
435 1767 469 1803 se
483 1779 550 1804 non
569 1770 682 1813 prima
699 1774 844 1817 precede
860 1771 885 1806 il
900 1772 990 1806 reale
1010 1781 1216 1819 pagamento
1227 1773 1283 1808 del
1302 1775 1428 1811 denaro
1443 1770 1597 1817 pattuito
1613 1781 1647 1804 in
1658 1779 1762 1804 conto
1776 1769 1864 1804 della

383 1841 411 1861 Μ
435 1815 516 1851 dote
536 1816 605 1852 alle
619 1817 677 1853 sue
692 1819 781 1854 mani
797 1845 808 1858 ,
835 1818 933 1863 sopra
947 1818 980 1852 di
1006 1819 1070 1853 che
1091 1819 1124 1854 le
1138 1821 1284 1864 protesto
1298 1832 1366 1857 non
1380 1817 1613 1855 accensentire
1626 1816 1863 1853 diversamen-

382 1891 409 1907 ,,
432 1872 466 1899 te
479 1890 491 1904 ,
518 1863 582 1899 che
601 1864 633 1901 le
652 1865 746 1902 serva
763 1891 776 1905 ,
800 1865 900 1900 senza
921 1864 1016 1901 farne
1033 1867 1072 1901 ad
1087 1865 1165 1901 altri
1180 1867 1311 1905 notizie
1329 1894 1354 1909 ,‚
1372 1894 1381 1904 .
1408 1866 1594 1913 Epistolam
1625 1865 1712 1900 hanc
1726 1890 1736 1903 ,
1760 1875 1861 1910 quam

385 1922 577 1957 opportune
593 1939 603 1952 ,
627 1921 664 1948 ut
692 1913 843 1948 diximus
858 1941 868 1954 ‚
892 1914 1068 1948 connubio
1094 1914 1249 1951 nondum
1278 1916 1449 1952 contradio
1465 1940 1473 1953 ,
1507 1921 1703 1958 receperat,
1723 1910 1860 1957 ‘spreVlt

384 1960 600 2044 Εζὲευηιῐοτ
618 1988 627 2001 ,
652 1961 683 1995 δι
697 1960 954 1998 matrimonium
976 1987 987 2001 ‚
1007 1960 1087 1996 dote
1101 1972 1170 1996 nori
1194 1973 1342 2012 accepta
1355 1989 1367 2004 ‚
1391 1971 1511 1998 coram
1527 1959 1707 1998 parocho,
1733 1958 1764 1993 &
1788 1957 1859 1994 se-

415 2019 421 2041 i
451 2019 488 2042 us
502 2017 677 2044 contraxit
690 2032 701 2043 .

336 2055 446 2093 Paulo
463 2053 536 2099 post
555 2055 679 2091 initum
706 2054 965 2092 matrimonium
989 2056 1130 2093 rescivit
1144 2056 1261 2093 Maria
1286 2056 1493 2104 Magdalena
1505 2064 1637 2092 curtam
1649 2050 1713 2089 effe
1727 2052 1857 2093 Domi-

382 2103 463 2138 nico
478 2101 588 2139 Gestae
608 2104 877 2149 suppellectilem
892 2129 902 2143 ,
929 2104 1112 2151 tenuesque
1126 2116 1205 2150 opes
1219 2104 1421 2142 dividendas
1435 2103 1499 2139 esse
1513 2104 1604 2137 inter
1618 2100 1761 2152 alterum
1777 2102 1857 2136 Fra-

381 2159 472 2185 trem
491 2177 500 2189 ,
526 2150 609 2186 duas
622 2152 761 2189 Sorores
776 2178 787 2191 ,
814 2151 1034 2197 Amitamque
1047 2178 1056 2191 ‚
1078 2153 1135 2198 qui
1152 2152 1244 2188 domi
1258 2162 1358 2189 erant
1374 2179 1384 2193 ,
1412 2149 1551 2187 rescivit
1569 2149 1775 2184 Dominicus
1792 2150 1855 2184 do-

380 2207 450 2232 tem
469 2197 616 2233 solutam
631 2212 698 2234 non
719 2198 817 2235 suiffe
833 2225 841 2233 .
873 2198 1056 2236 Certatum
1072 2198 1136 2236 fuit
1166 2199 1325 2247 epistolis
1341 2228 1350 2241 ,
1377 2199 1456 2235 inde
1480 2206 1598 2244 graves
1625 2204 1751 2248 effortae
1774 2195 1852 2231 sunt

378 2244 575 2280 inimicitiae
605 2272 614 2285 ,
640 2258 715 2292 quae
745 2258 856 2283 necue
883 2247 1071 2282 amicorum
1093 2272 1104 2286 ,
1131 2248 1164 2281 ἃ
1196 2247 1534 2294 consanguineorum
1562 2243 1719 2294 officiis,
1744 2255 1853 2289 neque

379 2290 643 2338 Theologorum
654 2292 805 2329 consiliis
820 2293 977 2338 componi
993 2305 1141 2340 unquam
1155 2290 1370 2341 potuerunt:
1399 2294 1516 2338 Atque
1532 2291 1578 2326 ita
1593 2291 1851 2326 matrimonium

376 2339 611 2375 consumatum
625 2351 690 2375 non
709 2341 772 2376 fuit
789 2369 798 2381 ‚
826 2340 894 2375 imo
920 2352 997 2376 cum
1015 2341 1098 2375 illud
1120 2353 1197 2387 pars
1227 2351 1371 2387 utraque
1395 2339 1528 2376 irritum
1543 2365 1553 2378 ‚
1574 2339 1605 2372 &
1635 2337 1767 2372 nuiium
1789 2339 1851 2388 lia-

375 2387 473 2422 beret
489 2413 499 2425 ,
511 2386 710 2422 munuscula
725 2415 736 2429 ‚
761 2387 906 2424 annulos
922 2415 932 2428 ,
962 2397 1147 2435 caeteraque
1162 2389 1374 2425 matrimonii
1395 2387 1494 2424 causa
1509 2386 1638 2421 donata
1651 2385 1850 2434 alteralteri

374 2433 527 2469 restituit
547 2461 557 2474 ,
587 2434 783 2478 pretiumve
797 2434 902 2471 solvit
954 2435 1126 2480 Septimus
1143 2436 1211 2478 iam
1227 2437 1356 2473 labitur
1374 2447 1479 2470 annus
1496 2446 1514 2468 a
1531 2435 1584 2468 die
1601 2433 1702 2474 hujus
1729 2441 1849 2467 matri-

377 2481 511 2519 monii,
540 2492 649 2525 neque
670 2482 710 2517 de
742 2484 857 2518 Maria
884 2482 1095 2529 Magdalena
1118 2483 1286 2528 cogitavit
1310 2483 1454 2530 anipiius
1478 2481 1686 2516 Dominicns
1703 2506 1712 2518 ‚
1740 2489 1848 2523 neque

375 2539 537 2573 umquam
569 2530 752 2569 Adiacium
769 2531 868 2565 venit
882 2552 893 2563 .
917 2530 1008 2565 Cum
1026 2531 1129 2567 alteri
1153 2532 1281 2567 nubere
1296 2531 1384 2567 velit
1397 2530 1511 2564 Maria
1527 2526 1748 2577 Magdalena,
1773 2537 1851 2576 pre-

371 2583 426 2608 ces
450 2574 581 2610 obtulit
604 2576 828 2613 Sacratifflmo
850 2577 1005 2624 Principi
1018 2577 1149 2616 nostro,
1174 2579 1296 2623 quibus
1312 2578 1527 2623 postulabat,
1545 2585 1580 2610 ut
1606 2583 1739 2617 nuptias
1771 2573 1850 2624 illas

374 2621 488 2656 nullas
504 2648 514 2661 2
540 2632 643 2668 atque
662 2625 777 2660 irritas
801 2625 1012 2661 declararet.
1040 2625 1094 2660 Re
1115 2625 1228 2660 delata
1257 2626 1297 2660 ad
1320 2623 1551 2672 Amplissimos
1574 2621 1686 2671 Patres
1712 2619 1849 2655 auditus

371 2667 439 2704 fuit
455 2692 467 2707 .
496 2677 534 2702 ut
549 2673 647 2705 moris
665 2670 735 2710 est,
765 2672 968 2718 Episcopum
1002 2672 1056 2707 hic
1082 2672 1214 2707 audivit
1242 2672 1491 2710 Dominicum‚
1518 2670 1574 2716 qui
1593 2678 1666 2714 pari
1691 2666 1850 2718 consensu

371 2714 473 2759 petiit
505 2715 637 2750 nullum
665 2717 836 2753 declarari
870 2720 1103 2755 connubium.
1128 2719 1238 2755 Causa
1265 2731 1354 2755 nunc
1379 2718 1587 2764 proponitur
1610 2741 1619 2754 ,
1645 2714 1674 2748 ἃ
1699 2715 1851 2759 disputat

370 2761 580 2810 magdalena
595 2761 732 2800 nullum
747 2764 844 2800 fuisse
856 2766 1113 2803 matrimonium
1133 2766 1265 2804 defectu
1288 2765 1485 2803 con-sensus
1507 2762 1855 2854 Dominiciimffiefon
