1978 3017
376 137 505 211 ζξαεῖῑιτι·
521 166 663 213 ripetito
678 192 687 205 ,
704 177 721 198 e
741 164 865 208 semprc
881 157 1034 209 eseguito
1067 181 1076 196 ,
1092 153 1171 202 ogni
1198 152 1275 198 qual
1302 149 1397 185 volta
1423 147 1566 183 saratino
1589 144 1747 181 restituiti
1772 155 1832 178 ca-

375 201 398 260 ἶ,
425 217 523 264 pitali
540 216 608 250 sino
624 215 654 248 al
670 213 736 246 fine
749 237 759 250 ,
785 212 824 244 ed
838 207 1058 242 ultiniazione
1074 206 1113 237 de
1128 198 1321 236 inedesimi.
1350 196 1378 230 ll
1397 194 1526 230 residuo
1540 194 1592 232 noi
1608 194 1640 227 di
1655 192 1738 225 detti
1753 191 1836 224 Ca-'

378 293 402 306 ,,
428 263 528 310 pitali
542 290 551 304 ‚
577 274 594 296 e
609 259 709 295 srutti
725 256 1024 303 respettivaniente
1038 278 1047 291 ,
1072 249 1153 297 ogni
1171 245 1353 295 qualvxolta
1369 269 1376 280 .
1401 256 1418 277 e
1431 240 1498 275 finti
1513 242 1571 292 che
1587 252 1628 273 ve
1653 251 1693 273 ne
1711 239 1831 272 saraia·

378 339 400 353 2,
425 324 469 346 no
481 339 490 350 ‚
522 310 628 345 vuole
641 320 659 343 e
673 304 871 342 commanda
887 330 896 342 ‚
926 303 987 337 che
1003 300 1045 333 fia
1059 305 1196 342 erogato
1211 295 1244 328 in
1262 295 1377 326 dotare
1392 299 1482 324 tante
1499 288 1616 323 zitelle
1639 296 1765 332 povere
1780 313 1789 324 ,
1814 297 1832 319 e

376 386 400 400 2,
426 357 540 393 nubili
557 357 594 392 di
621 354 684 391 essa
695 352 791 387 Cina
805 352 841 385 d’
858 349 963 384 lmola
978 350 1017 383 da
1031 342 1189 391 eleggersi
1204 343 1248 376 da
1263 340 1315 374 eiii
1335 339 1469 386 Signori
1491 332 1677 371 Fiduciarii
1695 358 1717 372 ‚,
1733 357 1740 364 .
1767 333 1833 367 Po-

381 407 534 441 testatem
547 403 691 449 denique
704 399 787 435 fecit
801 398 920 435 iisdem
936 395 1123 430 littredibus
1138 388 1344 425 fiduciariis
1358 413 1367 425 ,
1389 386 1411 420 si
1429 385 1514 419 sorte
1527 383 1660 417 nollent
1675 380 1738 414 hoc
1751 390 1838 414 onus

382 453 546 499 suscipere
565 479 574 492 ,
600 451 686 485 alios
701 446 892 482 nominandi
912 469 922 481 ,
941 443 999 488 qui
1018 442 1048 475 ὅ(
1063 439 1121 485 ipsi
1141 435 1265 483 possent
1290 435 1412 477 iterum
1429 459 1438 471 ‚
1462 433 1493 466 ἃ
1517 431 1647 477 semper
1673 427 1759 460 alios
1772 437 1838 460 no-

381 500 512 535 minare
529 526 538 538 ,
559 497 756 544 penes'quos
773 504 885 529 rerum
903 487 1192 531 haereditariarum
1210 479 1458 519 administratio
1473 477 1553 514 esset
1566 505 1576 518 ,
1604 478 1636 511 8<
1652 477 1704 519 jus
1720 473 1840 508 nomi-

381 547 482 581 nandi
501 546 632 583 Pucllas
657 569 665 577 .

336 593 414 628 Hoc
432 593 629 632 testamento
641 589 776 625 decessit
791 585 986 623 Canonicus
1011 582 1131 628 Joseph
1147 591 1234 614 anno
1262 577 1361 623 1736.
1376 602 1384 614 ,
1411 586 1473 609 nec
1486 573 1542 609 diu
1557 570 1751 616 superstites
1764 567 1844 603 fue-

380 649 462 676 runt
476 639 577 686 primi
600 639 747 674 iiaeredes
764 662 774 674 ,
800 636 887 670 itaut
906 644 992 677 anno
1012 635 1107 675 1748.
1123 629 1254 674 integra
1268 624 1447 660 haereditas
1462 625 1500 657 ad
1525 620 1668 654 haeredes
1684 616 1845 651 Fiducia-

382 687 450 722 rios
464 695 618 732 pervenit
633 710 643 720 .
670 685 719 719 Hi
735 683 847 718 secum
863 680 980 715 animo
998 686 1196 725 reputantes
1209 685 1289 719 opus
1307 672 1373 712 hoe
1389 670 1480 715 pium
1496 669 1591 703 brevi
1614 665 1819 700 duraturum
1838 690 1848 705 ‚

384 733 407 768 fi
423 746 494 778 quae
509 732 621 768 voluit
636 728 797 767 Testator
814 742 850 764 ea
867 726 1056 762 testamenti
1071 733 1166 768 parte
1182 745 1193 759 ‚
1217 732 1283 766 qua
1297 720 1335 752 de
1352 717 1494 751 sortium
1509 713 1724 750 restitutione
1751 710 1854 755 egit,·

384 781 647 820 observarentur
664 805 674 818 ,
698 788 765 812 uno
777 774 937 812 consensu
962 773 1152 808 statuerunt
1172 768 1349 813 petendam
1367 762 1429 797 effe
1445 761 1637 797 voluntatis
1653 769 1852 795 commuta-

386 827 513 862 tionem
525 851 536 862 0
566 828 683 863 Preces
699 825 803 870 igitur
818 821 1043 858 Sacratifflino
1057 815 1206 861 Principi
1224 813 1336 849 nostro
1363 809 1564 844 obtulerunt
1582 809 1646 841 tria
1674 805 1852 851 postulan-

386 884 438 909 tes
455 901 465 913 ‚
493 877 648 910 Primum
666 901 675 913 ,
700 882 737 906 ut
752 870 826 915 ipsis
851 870 966 904 liceret
983 868 1088 903 sortes
1112 862 1270 900 censuum
1282 857 1577 894 haereditariorum
1591 881 1601 895 ,
1630 853 1654 892 si
1668 852 1853 887 restit-„ian-

386 931 444 955 tur
461 948 471 960 ‚
492 921 617 956 iterum
633 918 792 956 investire
809 945 817 957 ,
840 929 879 952 ut
894 916 985 961 pium
1011 914 1076 953 hoc
1088 922 1173 957 opus
1188 909 1317 944 dotium
1329 903 1635 941 distribuendarum
1650 908 1855 946 perpetuum

388 969 451 1006 sit3
478 971 643 1004 ,Alterum
658 995 668 1007 ‚
694 965 796 1001 uthis
810 962 961 1000 subsidiis
973 961 1144 996 dotalibus
1156 955 1355 993 consulatur
1369 952 1473 986 etiam
1485 945 1830 994 Puellispaupetibus
1845 970 1856 983 ‚

387 1028 461 1061 quae
475 1014 552 1050 sunt
569 1017 603 1049 in
618 1013 747 1049 Ordine
771 1012 899 1046 civico
914 1036 923 1048 ‚
948 1011 980 1043 8<
998 1006 1200 1044 Nobilium,
1225 1004 1319 1039 auffila
1333 1010 1453 1043 nempe
1479 997 1678 1044 quantitate
1702 992 1764 1028 iila
1792 992 1859 1026 do-

386 1063 476 1096 tium
492 1087 502 1101 ,
526 1072 626 1108 quam
641 1059 801 1094 Testator
828 1055 1056 1092 constituitin
1079 1053 1253 1091 scut.40.‚
1281 1049 1435 1085 scilicet,
1461 1055 1498 1080 ut
1514 1044 1575 1079 fiat
1599 1041 1755 1078 cumulus
1782 1038 1859 1074 sru-

387 1110 500 1160 {Stuum
516 1134 525 1147 ,
548 1120 591 1150 ex
602 1109 722 1154 quibus
737 1106 836 1140 detur
849 1105 909 1139 dos
924 1103 1004 1146 scut.
1020 1111 1104 1146 500.
1120 1097 1249 1137 Puellae
1263 1095 1411 1133 Nobili,
1437 1094 1505 1129 alia
1533 1091 1618 1132 scut,
1636 1100 1714 1129 300·
1731 1087 1859 1123 Pueiiae

387 1167 423 1190 in
438 1155 558 1190 ordine
574 1156 705 1191 Civico
719 1180 730 1193 ,
755 1154 787 1188 8<
802 1153 934 1186 deinum
949 1150 1023 1185 oCto
1037 1150 1130 1184 dotes
1144 1148 1230 1182 scut.
1245 1154 1304 1189 50.
1318 1140 1461 1178 totidem
1477 1138 1606 1174 Puellis
1624 1135 1737 1172 ultimi
1758 1134 1860 1172 Ordi-

388 1202 464 1254 ntis3
492 1207 643 1240 Tertium
660 1210 699 1238 ut
719 1203 771 1246 jus
787 1199 930 1235 haeredis
955 1195 1142 1233 Fiduciarii
1171 1200 1373 1239 perpetuum
1389 1187 1427 1223 sit
1448 1187 1484 1222 in
1499 1184 1686 1221 haeredibus
1708 1180 1860 1229 praesen-

388 1259 476 1284 tium
490 1249 660 1286 haeredum
675 1246 954 1285 Fiduciariorum
968 1271 979 1285 ,
996 1244 1052 1290 qui
1072 1241 1167 1277 Laici
1184 1241 1260 1276 sunt
1273 1266 1282 1279 ,
1308 1240 1339 1273 id
1354 1234 1524 1283 praecipue
1541 1231 1739 1278 requirente
1752 1237 1859 1265 natu-

388 1298 493 1348 rapii
507 1298 622 1344 operis
637 1325 646 1338 ‚
674 1297 695 1332 si
709 1296 768 1330 fiat
783 1303 983 1342 perpetuum
999 1316 1008 1327 .
1034 1291 1129 1326 Data
1143 1287 1210 1324 fuit
1224 1290 1264 1322 de
1278 1287 1342 1325 hac
1357 1282 1581 1330 postulatione
1596 1276 1754 1324 cognitio
1769 1279 1860 1311 Am-

387 1344 547 1426 psssiniis
573 1345 757 1383 Patribus.
784 1341 934 1377 Auditus
964 1338 1173 1384 Episcopus,
1202 1331 1505 1372 commutationem
1521 1324 1734 1363 voluntatis,
1758 1334 1860 1369 quam

417 1395 536 1428 ‹ti-edes
552 1391 741 1428 Fiduciarii
757 1388 950 1436 postulant³
976 1385 1218 1433 indulgendam
1232 1381 1364 1424 censuit
1379 1404 1390 1418 ,
1411 1383 1664 1421 inperpetuum
1680 1369 1739 1405 fiat
1759 1372 1861 1405 bene-

388 1436 505 1473 ficium
518 1465 528 1478 ‚
557 1441 642 1485 quod
656 1438 816 1472 Testator
827 1444 1080 1482 temporaneum
1093 1435 1209 1476 forfizn
1226 1428 1412 1470 inretisslto
1440 1423 1603 1458 statuerat
1630 1446 1641 1461 ‚
1660 1426 1765 1465 utque
1779 1429 1861 1452 con-

391 1484 523 1521 sulatur
538 1485 734 1531 paupertati
748 1484 944 1518 Puellarum
958 1480 1097 1515 Ordinis
1112 1478 1255 1519 Civium
1268 1503 1276 1515 ,
1304 1476 1334 1510 ὃ(
1356 1472 1535 1507 Nobilium
1554 1492 1562 1504 ‚
1586 1479 1663 1503 curn
1678 1492 1703 1506 ‚,
1728 1464 1861 1501 Facilis

389 1558 413 1573 2,
438 1534 554 1580 egenis
570 1532 693 1568 infimae
710 1528 919 1566 conditionis
945 1527 1023 1563 satis
1041 1527 1233 1563 consultum
1250 1523 1288 1558 sit
1303 1534 1321 1557 a
1346 1520 1499 1566 pluribus
1517 1515 1617 1556 Locis
1642 1513 1709 1550 Piis
1735 1512 1864 1548 similia

391 1605 416 1619 „
443 1581 581 1615 subfidia
606 1579 789 1626 quotannis
805 1576 1055 1619 tribuentibus:
1083 1585 1201 1610 contra
1216 1583 1299 1608 vero
1321 1577 1451 1603 caeteris
1476 1564 1604 1604 Puellis
1628 1560 1796 1599 honeste,
1823 1560 1856 1594 &

392 1652 418 1666 ι,
442 1628 569 1665 nobilis
587 1627 792 1667 conditionis
807 1636 870 1661 nec
886 1635 991 1658 unum
1015 1621 1196 1657 subsidium
1219 1613 1381 1661 eiusmodi
1399 1611 1621 1648 tribuendum
1640 1606 1859 1656 reperiatu15

392 1699 418 1714 2,
437 1678 645 1719 servandam
662 1685 774 1710 tamen
788 1673 846 1719 effe
860 1698 870 1712 ‚
897 1674 950 1707 ait
966 1697 975 1709 ,
1001 1661 1372 1716 quantamfieripotest
1399 1660 1580 1702 Testatoris
1610 1657 1828 1701 volnitarem
1849 1678 1861 1693 a

392 1745 419 1760 a»
443 1726 486 1758 ὠ
505 1725 575 1758 idm
587 1725 734 1767 putavit
747 1746 757 1758 ‚
783 1732 824 1754 ex
842 1730 953 1753 annuo
968 1716 1075 1752 fructu
1089 1725 1218 1760 partem
1236 1711 1387 1757 aliquam
1401 1705 1579 1745 annuatim
1595 1704 1629 1740 in
1652 1702 1861 1738 celebratio-

393 1793 416 1808 „
444 1780 487 1803 ne
500 1767 680 1803 Missarum
696 1778 759 1813 pro
771 1764 930 1811 suffragio
950 1765 1070 1799 animae
1086 1760 1276 1796 Testatoris
1291 1784 1301 1797 ,
1325 1756 1487 1792 videlicet
1502 1752 1602 1789 unius
1619 1748 1725 1786 Miffae
1742 1748 1861 1795 quali-

391 1838 417 1855 a,
443 1817 498 1849 bet
514 1816 724 1866 hebdomada
744 1812 954 1858 erogandam
967 1809 1030 1845 effe
1044 1836 1053 1849 ‚
1080 1812 1110 1842 <St
1130 1809 1232 1843 aliain
1248 1814 1380 1850 partem
1397 1802 1478 1837 scut.
1498 1810 1552 1843 20,
1567 1809 1634 1834 uno
1648 1808 1783 1843 quoqne
1799 1807 1861 1829 an-

392 1887 420 1901 „
443 1875 490 1897 no
504 1862 761 1901 distribuendam
776 1860 902 1906 partim
915 1858 949 1892 in
959 1867 1144 1904 egenorum
1157 1880 1169 1894 ,
1188 1853 1319 1901 partim
1336 1863 1370 1885 in
1386 1857 1637 1884 carceratorum
1651 1844 1836 1880 subsidium
1849 1866 1860 1878 0

392 1934 418 1950 2,
442 1914 528 1946 Hinc
554 1923 615 1945 non
630 1910 759 1956 probat
780 1909 1014 1955 quantitatem
1038 1929 1050 1944 ,
1076 1915 1179 1950 qnam
1205 1905 1240 1938 in
1265 1902 1362 1938 dotes
1391 1895 1640 1937 ‹istribuendas
1659 1892 1859 1933 statuerunt

393 1982 419 1997 2,
444 1959 592 1994 haeredes
615 1958 808 1992 Fiducitzrii
821 1980 831 1993 ,
850 1955 910 1998 sed
922 1951 1172 1994 distribuendas
1188 1951 1338 1986 credidit
1350 1972 1360 1986 ,
1383 1944 1509 1984 habito
1523 1939 1668 1986 respestu
1686 1940 1726 1973 ad
1737 1936 1860 1973 statum

393 2030 418 2045 2,
442 2004 695 2039 haereditarium
709 2029 720 2043 ,
747 2001 876 2037 scilicet
899 2000 984 2035 scut.
999 2009 1080 2044 400.
1095 2008 1154 2044 pro
1172 1995 1359 2031 Nobilibus
1376 2019 1387 2032 ‚
1412 2002 1476 2039 pro
1492 1988 1637 2025 civi-aus
1652 1986 1740 2022 scut.
1756 1994 1831 2028 200>
1849 2011 1860 2024 ‚

393 2075 420 2092 υ
443 2063 480 2086 ac
506 2062 565 2104 pro
579 2052 710 2087 caeteris
734 2049 843 2085 infimi
869 2047 1002 2095 generis
1020 2045 1105 2082 scut.
1132 2057 1185 2086 50·
1201 2042 1281 2079 data
1306 2040 1512 2090 praelatione
1539 2034 1668 2071 l'uellis
1683 2031 1859 2067 Testatori

394 2124 418 2138 κ
443 2098 632 2141 conlunffis
646 2127 657 2135 .
683 2100 796 2134 Addit
809 2122 822 2136 ,
846 2106 885 2131 uc
899 2106 938 2130 ca
954 2092 1016 2128 fint
1030 2120 1041 2133 ,
1066 2091 1134 2126 sive
1152 2092 1186 2132 in
1204 2092 1355 2131 Domino
1368 2115 1377 2128 ,
1402 2086 1471 2121 five
1491 2081 1613 2129 saeculo
1629 2081 1757 2116 nubant
1772 2106 1781 2118 ‚
1807 2079 1864 2114 in-

392 2169 418 2185 θ,
447 2145 496 2180 fra
514 2147 691 2181 terminum
704 2145 805 2182 unius
819 2143 900 2179 anni
923 2140 1103 2181 tribuenda
1117 2166 1125 2178 ,
1147 2150 1214 2185 quo
1229 2137 1382 2173 tei-mino
1396 2131 1562 2173 transasso
1576 2154 1588 2168 ,
1611 2128 1713 2163 alteri
1732 2127 1861 2163 Pueiiae

393 2217 418 2231 ,υ
442 2193 589 2234 eiusdem
603 2193 723 2239 gradus
737 2220 746 2234 ‚
774 2191 877 2227 finon
893 2191 1045 2227 nubant,
1072 2184 1226 2232 assignari
1239 2187 1382 2230 debeant
1396 2206 1408 2221 ,
1431 2181 1464 2216 δι
1489 2177 1612 2221 frustus
1632 2175 1667 2210 in
1677 2184 1769 2210 terea
1796 2173 1864 2208 de-

393 2265 418 2279 „
442 2249 615 2291 ponantur
628 2266 638 2278 ‚
667 2249 704 2273 ut
718 2266 728 2280 ‚
754 2239 777 2274 si
790 2240 848 2286 qui
864 2244 1061 2273 remaneant
1076 2261 1085 2273 ‚
1111 2233 1284 2277 completo
1295 2228 1440 2268 subsidio
1453 2253 1464 2267 ,
1489 2222 1686 2271 caeterisque
1705 2220 1770 2268 piis
1782 2231 1864 2266 ope-

391 2311 418 2327 „
443 2287 533 2322 ribus
547 2286 750 2327 satisfactis,
774 2286 937 2321 uniantur
951 2283 1028 2323 aliis
1041 2280 1297 2327 sequentianno
1307 2276 1498 2324 exigendis,
1524 2280 1665 2307 Demum
1682 2272 1714 2305 1'n
1732 2282 1770 2306 ea
1788 2267 1862 2312 fult

393 2360 418 2374 2,
437 2335 612 2378 sententia
627 2360 637 2374 ,
665 2334 770 2380 utjus
794 2335 937 2368 Fiduciae
965 2332 1008 2365 ad
1021 2331 1252 2373 descendentes
1271 2327 1316 2363 ejr
1332 2321 1522 2360 haeredibus
1541 2318 1754 2354 Fidrtciariis
1773 2320 1862 2352 Lat-

393 2406 419 2421 a,
443 2385 494 2417 cis
515 2381 737 2428 praesentibus
758 2382 915 2425 transeat
936 2405 947 2419 ,
971 2390 1010 2413 ea
1038 2386 1152 2423 tamen
1180 2376 1371 2415 conditione
1389 2396 1401 2410 2
1434 2367 1624 2405 dummOdO
1650 2361 1859 2411 ΒΡΡΥΟῙῊῘῙΟ

394 2453 419 2471 22
444 2428 599 2475 Episcopi
626 2436 807 2464 concurrat
833 2453 844 2467 ,
880 2426 937 2462 cui
962 2437 1040 2460 curn
1058 2422 1227 2459 facillime
1252 2428 1374 2456 eorum
1398 2415 1593 2462 'qualitates
1621 2411 1834 2447 innotescant
1852 2436 1862 2449 ,

394 2500 419 2516 2,
449 2486 530 2511 num
553 2476 762 2524 approbatio
783 2500 794 2514 ,
829 2474 886 2510 vel
904 2472 1103 2521 reprobatio
1127 2468 1309 2506 conveniat
1339 2492 1350 2506 ,
1385 2473 1463 2500 tuto
1491 2461 1578 2497 sciet
1609 2486 1618 2500 ‚
1657 2469 1696 2494 ac
1710 2456 1772 2492 tali
1788 2468 1864 2490 nie-

393 2547 417 2564 ‚‚
443 2522 554 2574 rhodo
589 2524 614 2558 Γ
621 2522 773 2559 estatoris
803 2522 915 2557 menti
948 2519 1091 2565 satisfiet
1116 2545 1128 2561 ,
1164 2518 1223 2565 qui
1247 2514 1372 2561 dignos
1396 2538 1408 2553 ‚
1443 2511 1474 2545 ὅ(
1510 2517 1652 2555 capas-⁶⁵
1678 2502 1759 2550 ehgi
1795 2515 1863 2539 VO·

395 2594 419 2610 υ
445 2570 511 2604 luit
525 2596 551 2610 υ
575 2596 586 2607 .
1654 2569 1661 2580 ¹
1817 2582 1820 2587 ,

350 2615 436 2658 Haec
453 2617 641 2665 Episcopus
655 2643 664 2657 ‚
692 2619 790 2662 cuius
804 2617 975 2655 sententia
989 2643 1000 2657 ‚
1022 2626 1086 2662 qua
1101 2621 1194 2661 parte
1215 2610 1340 2648 discors
1353 2607 1399 2643 est
1417 2598 1733 2650 apostulationibus
1753 2623 1761 2637 ‚
1788 2607 1867 2636 cum

399 2674 472 2698 non
488 2663 653 2715 placuerit
669 2665 854 2701 haeredibus
880 2663 1083 2703 Fiduciariis
1098 2689 1107 2701 ,
1133 2662 1212 2696 hinc
1238 2661 1273 2695 in
1289 2668 1409 2693 eorum
1426 2652 1560 2688 Libello
1585 2645 1757 2694 postulant
1771 2656 1868 2681 com-

399 2718 627 2746 mutationem
641 2713 832 2747 voluntatis
849 2712 1041 2749 Testatoris
1055 2738 1063 2750 ,
1087 2709 1140 2745 sed
1159 2708 1332 2753 disputant
1347 2711 1464 2739 contra
1481 2710 1520 2735 ea
1535 2723 1546 2738 ‚
1570 2705 1643 2742 quae
1659 2693 1700 2729 ab
1725 2691 1868 2738 Episco-

401 2769 448 2805 ΡΟ
462 2757 628 2805 P1⁰P⁰flta
641 2757 715 2794 sunt
728 2783 738 2795 .
766 2759 918 2795 Videant
941 2760 1046 2806 igitur
1059 2752 1323 2798 Eminentissimi
1340 2752 1454 2790 Patres
1467 2769 1480 2782 .
1734 2790 1775 2822 A

1774 2800 1794 2824 7¹
1814 2813 1825 2830 a

1971 1774 1978 1887 „um
1972 1654 1978 1748 v—<—.2
1974 1535 1978 1652 ..„-—
1973 1506 1978 1511 .
1974 1478 1978 1484 .
1973 1414 1976 1423 v
