1978 3017
59 184 73 210 ἕ
84 177 191 221 ῑῙΪω7.
203 182 311 220 cap-7.

35 235 78 260 εγ
110 227 138 256 8.
168 225 205 257 de
242 220 312 266 Ref-

37 270 125 312 Seli·⁴²
137 272 258 304 2i.c.8.
274 269 312 303 de

38 319 106 362 Rcfi
127 317 212 360 Scfs.
226 324 309 359 2516.

110 366 146 400 :2⁷13
161 364 278 410 Rng-‘le

387 137 410 174 7
455 173 638 210 AULEN.
668 167 1034 209 ViSITATioNIS:
1063 165 1308 202 Mo-nas'ieriuiri
1322 190 1330 204 ‚
1355 165 1385 199 &
1414 164 1595 200 Ecclesiam
1624 171 1658 199 S.
1675 169 1794 200 Mariie
1814 169 1853 202 de

465 227 549 268 Ripa
568 225 600 255 in
619 220 766 255 Dioecesi
783 216 949 254 Naulensi
966 243 974 255 ‚
1001 215 1170 249 diminuto
1185 215 1227 248 ob
1245 212 1439 247 reddituum
1462 211 1619 256 inopiam
1642 212 1852 248 Monialium

389 268 529 304 Ordinis
545 266 778 303 Cisterciensis
795 275 938 300 numero
957 289 966 302 ‚
993 263 1063 297 Leo
1087 262 1255 296 Decimus
1270 260 1430 295 Pontifex
1456 255 1766 305 providentissimus
1784 271 1851 295 an·-

388 315 779 357 n01519.Monasterio
802 314 916 349 Vallis
933 315 1004 347 ‘Piae
1030 308 1315 355 Congregationis
1349 307 1548 342 Olivetanae
1563 331 1573 344 ‚
1599 305 1685 351 quod
1711 305 1845 342 Finarii

390 361 481 398 estin
502 361 652 398 Dioecesi
675 359 862 398 Savonensi
880 385 890 399 ,
911 366 1076 404 perpetuo
1100 359 1216 391 univit
1230 382 1239 395 ,
1265 359 1348 391 atine
1359 358 1456 394 ruit,
1485 359 1530 391 όν
1554 355 1794 399 incorporavit
1806 365 1845 388 ea

389 410 468 456 lege
483 437 492 450 ,
515 418 552 444 ut
570 410 705 445 Priores
720 406 923 444 Monasterii
940 404 1053 440 Vallis
1071 403 1138 439 Pia:
1153 403 1187 437 in
1205 403 1350 438 Ecclesia
1364 400 1565 437 Monasterii
1585 400 1710 435 SanQae
1723 399 1847 435 'Mariae

388 457 435 492 de
451 456 539 502 Ripa
555 483 580 498 ,‚
604 468 662 503 per
678 457 825 503 aliquem
838 482 847 494 ,
871 454 926 489 vel
940 452 1088 496 aliquem
1102 476 1111 489 ‚
1134 452 1189 485 vel
1203 450 1335 496 aliquos
1352 448 1536 484 Monachos
1552 475 1561 490 ‚
1584 448 1643 482 vei
1656 447 1764 482 aliurn
1776 446 1852 482 Re-

390 530 415 545 „
438 504 596 551 gularem
612 503 762 544 cuiusvis
778 502 920 537 alterius
937 498 1077 533 Ordinis
1091 525 1099 536 ,
1124 498 1180 532 vel
1203 496 1367 533 seculares
1382 495 1579 531 Sacerdotes
1605 492 1745 541 singulis
1769 495 1851 530 Do-

391 577 416 593 „
439 551 575 586 'minicis
592 577 601 590 ,
626 552 682 585 vel
697 550 772 585 aliis
791 549 917 584 festivis
934 547 1050 581 diebus
1065 543 1199 579 Miffam
1211 544 1394 584 celebrari,
1412 544 1443 578 δι
1455 542 1540 578 alias
1553 544 1589 578 in
1601 541 1728 577 divinis
1742 541 1854 577 eidem

390 623 413 639 „
440 597 594 633 Ecclesiae
608 598 780 636 deservire
794 596 905 631 facere
920 603 1116 629 tenerentur
1131 619 1153 632 ‚‚
1177 592 1264 639 quod
1278 592 1316 626 ad
1328 591 1398 626 haec
1412 590 1513 637 usque
1528 599 1685 636 tempora
1705 587 1854 634 diligen-

392 653 445 679 ter
459 645 614 680 servatur
626 668 636 679 .
663 644 773 679 Nulla
788 644 878 679 inter
895 640 1085 676 Monachus
1098 637 1385 686 Congregationis
1396 639 1596 673 Olivetanae
1609 662 1619 675 ,
1645 637 1677 672 &
1690 635 1857 671 Nauien-

394 690 444 726 ses
462 690 642 736 Episcopos
661 692 699 726 de
717 692 783 727 hoc
800 689 1008 725 Monasterio
1021 694 1054 721 S.
1071 690 1188 723 Mariae
1204 690 1242 722 de
1262 690 1342 734 Ripa
1365 694 1486 720 exorta
1505 684 1570 720 fuit
1597 682 1824 720 controversia
1842 711 1854 726 ‚

392 739 480 784 quod
500 738 654 785 Episcopi
669 739 800 773 nullam
818 738 850 772 in
864 748 903 771 eo
928 733 1197 777 jurisdictionem
1210 732 1267 767 sibi
1282 740 1480 776 arrogarent
1494 758 1503 771 ‚
1529 731 1582 766 sed
1607 743 1696 767 anno
1723 736 1822 776 1654.
1843 758 1855 772 ,

392 785 449 831 qui
465 794 546 820 tunc
562 786 716 821 Ecclefiae
735 783 898 820 Naulenfi
917 790 1059 827 praeerat
1072 807 1080 819 ,
1109 780 1298 827 Episcopus
1322 787 1489 824 praetextu
1511 777 1779 814 Constitutionis
1802 783 1860 814 In-

388 834 579 875 slaurandae
596 833 672 867 latae
688 833 730 868 ab
746 831 887 875 Optimo
918 826 1083 865 Pontifice
1108 825 1312 862 Innocentio
1330 828 1371 861 X.
1386 851 1396 865 ,
1426 827 1455 860 &
1471 824 1688 870 cognitiffimi
1709 824 1860 860 Decreti

394 888 431 914 nt
447 883 479 914 in
489 883 617 927 parvis
632 879 898 920 iurisdictionem
914 875 1090 925 acquirere
1101 875 1249 910 tentavit
1264 901 1272 908 .
1297 873 1348 909 Re
1361 882 1478 908 tamen
1500 873 1542 907 ab
1557 872 1701 907 Abbate
1725 870 1857 906 Mona-

393 925 486 961 sserii
503 926 614 967 Vallis
630 927 697 962 Piae
713 926 838 960 Finarii
854 925 963 959 delata
977 925 1015 959 ad
1030 922 1165 957 Sacram
1179 920 1495 967 Congregationem
1512 919 1696 964 Negociis,
1722 919 1753 953 &
1766 917 1862 953 Con-

396 973 638 1008 sultationibus
662 973 900 1020 Episcoporum
914 999 924 1012 ,
947 975 979 1006 3<
998 969 1227 1016 Regularium
1253 966 1418 1014 proposita
1432 992 1442 1006 ,
1463 964 1607 1004 reiectus
1635 965 1699 1001 fuit
1717 964 1861 1012 Episco-

393 1031 455 1065 pus
470 1044 480 1057 ,
512 1021 542 1054 &
560 1021 762 1066 objurgatus
782 1017 1035 1066 gravi-epistola
1052 1041 1062 1052 .
1087 1018 1166 1052 Hoc
1182 1015 1346 1060 exemplo
1367 1026 1433 1049 non
1455 1012 1639 1050 deterritus
1654 1040 1664 1053 ‚
1685 1013 1743 1059 qui
1766 1023 1859 1048 nunc

394 1065 557 1103 Ecclesia<
573 1067 685 1111 praeest
700 1066 860 1110 Naulensi
873 1091 883 1104 ‚
912 1077 997 1107 anno
1017 1068 1102 1103 1748
1131 1061 1311 1098 Ecclesiam
1325 1060 1526 1097 Monasterii
1541 1062 1570 1096 S.
1590 1060 1710 1095 Mariae
1728 1061 1774 1095 de
1788 1059 1861 1095 Ri-

395 1125 441 1160 pa
454 1125 632 1160 nunquam
646 1115 689 1149 ab
707 1115 878 1160 Episcopis
906 1110 1133 1148 Naulensibus
1149 1110 1318 1145 visitatam
1331 1136 1341 1149 ,
1365 1109 1454 1143 clam
1471 1107 1660 1143 Monachus
1689 1107 1859 1144 Oliveta-

396 1172 460 1196 nos
471 1186 481 1200 ,
507 1160 645 1196 visitare
660 1163 785 1207 primus
802 1160 915 1197 voluit
931 1185 941 1199 ‚
970 1160 1026 1194 sed
1039 1185 1049 1199 ,
1074 1158 1132 1194 ubi
1148 1156 1178 1192 id
1192 1155 1309 1192 Abbas
1323 1154 1519 1196 Monasterii
1540 1154 1654 1190 Vallis
1667 1154 1734 1189 Piae
1749 1153 1862 1190 resci-

394 1208 449 1243 vit
466 1235 476 1248 ,
497 1207 642 1254 primum
654 1219 772 1244 contra
787 1208 936 1244 eamdem
953 1206 1194 1242 Visitationem
1209 1202 1485 1250 protestationem
1499 1200 1608 1237 emisit
1619 1228 1629 1243 ‚
1653 1200 1730 1236 inde
1742 1201 1783 1236 ad
1798 1201 1864 1236 hoe

396 1257 538 1290 Sacrum
555 1252 733 1297 Tribunal
750 1259 845 1291 venit
860 1283 868 1296 ‚
899 1255 1067 1305 postulans
1081 1280 1090 1293 ,
1115 1261 1152 1288 ut
1173 1253 1214 1286 ab
1230 1249 1506 1286 Eminentiffimis
1522 1249 1678 1289 Patribus
1703 1246 1866 1283 definire-

397 1311 454 1337 tur
468 1301 656 1350 Episcopos
674 1304 863 1339 Naulenses
880 1314 987 1349 neque
1016 1300 1189 1336 ordinario
1208 1324 1218 1338 ‚
1248 1309 1359 1344 neque
1382 1297 1543 1344 delegato
1569 1296 1642 1338 jure
1674 1294 1862 1331 Ecclesiam

396 1349 494 1384 illam
507 1349 642 1392 visitare
656 1350 767 1396 posse.
796 1351 947 1386 Auditus
963 1349 1027 1384 suit
1044 1375 1054 1388 ‚
1082 1357 1118 1384 ut
1140 1347 1213 1382 fieri
1227 1345 1312 1381 solet
1327 1372 1337 1386 ,
1359 1344 1540 1392 Episcopus
1564 1341 1746 1380 Naulensis
1762 1369 1773 1384 ,
1801 1341 1867 1388 qui

397 1396 434 1431 in
447 1397 591 1442 epistola
605 1398 661 1432 sua
684 1407 776 1433 totus
796 1397 842 1437 est
858 1424 867 1437 ,
896 1406 933 1432 ut
949 1399 1022 1439 iura
1047 1395 1102 1430 sua
1133 1403 1269 1429 tueatur
1284 1417 1294 1429 .
1815 1390 1819 1394 ’

348 1443 461 1479 Causa
488 1454 578 1477 nunc
594 1445 791 1489 proponitur
804 1471 814 1484 ‚
840 1445 872 1479 δι
898 1444 1070 1489 disputant
1096 1440 1262 1478 Monachi
1284 1438 1467 1482 olivetani
1485 1439 1597 1475 Vallis
1627 1437 1695 1474 Piae
1722 1435 1866 1473 Finarii

396 1488 648 1526 Monesteriurn
664 1498 694 1526 S.
712 1495 831 1527 Mariae
848 1494 887 1528 de
904 1496 986 1539 Ripa
1002 1492 1138 1535 unitum
1152 1487 1250 1524 fuisse
1264 1488 1437 1534 acceſjorie
1450 1511 1462 1531 2
1481 1486 1723 1533 &subjefflve
1739 1485 1867 1520 Mona-

395 1538 496 1582 sterio
511 1537 625 1573 Vallis
638 1538 708 1574 Piae
724 1565 733 1579 ,
757 1539 838 1586 quia
865 1538 898 1573 id
924 1538 1038 1574 ferant
1057 1536 1162 1572 verba
1176 1555 1217 1562 —·-
1249 1536 1490 1577 Monasterium
1502 1535 1542 1570 de
1558 1536 1644 1581 Ripa
1663 1534 1866 1581 praediffz‘um

389 1586 538 1632 privfato
556 1586 760 1627 Monazsterio
776 1588 892 1623 Vallis
905 1587 977 1621 ‘Pc'ae
988 1586 1203 1620 authoritate
1218 1582 1417 1630 Apostolica
1430 1581 1771 1627 tenorepraesentium
1784 1591 1868 1626 per-

390 1641 506 1679 putuo
522 1635 657 1668 unimus
674 1659 685 1672 ‚
714 1637 758 1670 Εἴ)
774 1635 984 1675 αάηεὲἳὶνηης
997 1658 1008 1674 ,
1032 1636 1075 1669 &⁹
1089 1635 1341 1677 incorporamus
1354 1644 1393 1654 —-
1418 1637 1456 1664 ut
1470 1639 1542 1663 uno
1557 1626 1718 1670 consensu
1743 1623 1867 1660 docue-

394 1687 476 1713 runt
492 1679 628 1725 Barbofi
642 1679 681 1717 de
697 1681 778 1726 offic.
791 1683 829 1717 de
849 1680 973 1729 potest.
997 1680 1105 1727 Episc.
1121 1678 1225 1724 alleg.
1240 1683 1300 1717 61.
1313 1689 1403 1722 num,
1418 1685 1475 1716 23,
1498 1679 1541 1712 Θ
1563 1675 1664 1721 seqq.
1689 1670 1810 1716 Hojed.
1825 1675 1865 1710 de

397 1728 569 1775 incompat
610 1727 721 1772 benef.
738 1736 819 1775 par,
835 1739 869 1764 2.
898 1736 967 1775 cap.
992 1738 1023 1772 3.
1038 1739 1125 1763 num.
1141 1737 1172 1772 3.
1190 1729 1321 1761 Garzia
1336 1725 1375 1760 cle
1400 1721 1533 1762 benefic.
1553 1729 1638 1769 parq
1667 1730 1719 1755 12.
1733 1727 1806 1767 cap.
1831 1731 1868 1755 2.

397 1786 489 1809 num·
508 1783 562 1814 ss.
577 1779 659 1809 Pax
673 1776 821 1819 Tiordan.
835 1775 971 1811 lucabr.
984 1774 1048 1810 lib.
1068 1785 1118 1809 10.
1133 1776 1190 1808 tit.
1204 1781 1258 1816 32.
1272 1785 1303 1807 n.
1323 1781 1375 1805 ii.
1386 1776 1511 1818 Murga
1525 1770 1564 1806 de
1578 1767 1690 1811 benef.
1705 1766 1817 1815 quaest.
1828 1781 1864 1813 4.

390 1822 474 1866 fest.
491 1826 525 1854 6.
541 1834 574 1856 n·
594 1829 670 1866 197-
683 1823 807 1868 &sequ
828 1825 933 1858 Carol.
949 1829 1080 1857 Antan.
1095 1823 1133 1856 de
1148 1826 1235 1855 Luca
1261 1821 1305 1854 ad
1328 1820 1480 1855 Ventril.
1494 1818 1529 1854 in
1559 1823 1672 1850 ‘Prax-
1701 1817 1814 1851 adnot.
1832 1815 1864 1850 8.

398 1865 433 1913 ᾗ·
449 1876 482 1901 2·
495 1880 582 1918 ΨΜ-
603 1878 635 1913 3·
653 1876 737 1909 tom,
753 1881 783 1906 2.
801 1869 893 1906 Cum
909 1870 1001 1909 aliud
1014 1867 1053 1904 sit
1065 1897 1074 1911 ‚
1091 1879 1195 1915 quum
1210 1871 1276 1904 duo
1289 1864 1461 1904 Beneficia
1475 1892 1485 1906 ,
1508 1862 1661 1899 Ecclefiae
1676 1887 1687 1901 ‚
1710 1861 1867 1913 vei-Mo-

394 1912 544 1949 nasteria
562 1917 709 1952 invicem
727 1941 738 1955 ,
765 1917 918 1960 &fimzil
931 1916 1115 1959 uniuntur:
1141 1916 1232 1952 aliud
1245 1927 1329 1954 vero
1344 1941 1352 1957 ,
1380 1925 1456 1949 cum
1473 1923 1578 1949 unum
1590 1910 1691 1945 alteri
1720 1918 1840 1951 unitur
1853 1919 1866 1946 3

396 1972 478 2012 nain
493 1962 598 2012 primo
613 1961 690 1997 casu
704 1964 884 2009 utrumque
905 1964 1026 2014 aequali
1048 1967 1176 2000 unione
1202 1963 1349 1999 afficitur
1364 1988 1374 2001 ,
1401 1962 1432 1998 δι
1457 1961 1536 1995 ideo
1559 1968 1742 2002 utrumque
1767 1965 1864 2006 aeque

396 2009 640 2060 ΡΠΡΕΙΡἎῙΠΕΥ
653 2011 743 2045 unffi
759 2039 769 2051 ,
793 2013 825 2047 ἃ
838 2012 989 2048 conneffi
1003 2021 1184 2057 opportet3
1212 2012 1339 2046 Altero
1355 2020 1437 2044 vero
1455 2007 1529 2044 casu
1543 2033 1554 2047 ,
1572 2006 1659 2054 quod
1672 2006 1791 2040 unitur
1807 2001 1864 2036 ai-

397 2064 464 2090 teri
479 2082 490 2095 ‚
512 2067 579 2091 non
593 2056 653 2092 nisi
670 2058 847 2095 accefforie
862 2086 871 2100 ,
895 2061 926 2095 &
942 2059 1128 2102 subjective
1145 2057 1237 2095 uniri
1253 2082 1263 2097 ,
1289 2058 1320 2093 &
1334 2056 1489 2092 conneffl
1504 2053 1602 2101 possit
1617 2080 1627 2093 ,
1647 2059 1685 2087 ut
1702 2049 1865 2086 differunt

397 2109 547 2149 Pagnan.
563 2107 597 2140 in
612 2114 683 2154 cap.
698 2112 810 2145 novit.
828 2120 919 2143 num.
934 2119 966 2153 3.
983 2114 1033 2143 De
1049 2110 1122 2143 Sed.
1149 2113 1277 2142 Vacan.
1300 2101 1580 2149 Schmalzgreub.
1592 2103 1628 2137 in
1648 2098 1708 2144 jus
1739 2104 1862 2133 Canon.

399 2150 464 2186 lib·
483 2161 514 2190 3·
528 2155 589 2186 tit.
605 2161 634 2192 s-
648 2166 739 2190 num·
767 2161 843 2190 161.
861 2154 1007 2190 Gonzal.
1029 2156 1072 2196 ad
1096 2166 1166 2199 reg.
1185 2154 1215 2189 8.
1236 2149 1486 2197 cancell.gloff
1500 2158 1532 2195 ς.
1550 2147 1583 2194 ξ.
1601 2155 1635 2193 7.
1660 2157 1750 2180 num.
1786 2155 1865 2189 119.

399 2202 546 2250 Lel-tren'.
560 2204 638 2233 For.
653 2199 763 2244 benef·
780 2201 892 2249 quast.
906 2206 960 2237 88.
973 2213 1062 2236 num.
1081 2210 1111 2235 2.
1129 2200 1201 2236 Ubi
1215 2199 1306 2235 enim
1322 2197 1527 2234 beneficium
1540 2221 1550 2235 ‚
1577 2193 1633 2229 ves
1650 2189 1800 2229 Ecclesia
1815 2191 1867 2230 as-

399 2250 467 2277 teri
482 2254 599 2279 uultur
613 2271 623 2284 ,
644 2247 762 2297 definit
788 2247 852 2283 esse
865 2259 986 2294 corpus
999 2274 1009 2287 ,
1033 2248 1202 2298 quod'per
1214 2247 1247 2286 se
1273 2244 1380 2292 ipsum
1393 2242 1548 2281 consistat
1562 2265 1573 2280 ,
1598 2241 1629 2275 &
1646 2240 1722 2275 ideo
1733 2237 1867 2275 necesse

399 2290 469 2326 est.
498 2300 537 2326 ut
551 2292 694 2328 alterius
711 2320 720 2333 ,
742 2294 952 2335 minuitur,
980 2305 1052 2340 pars
1065 2321 1076 2334 ,
1101 2297 1132 2330 &
1150 2294 1344 2329 membrum
1357 2291 1418 2326 fiat
1432 2318 1443 2332 ,
1461 2289 1549 2336 quod
1565 2287 1611 2323 est
1630 2286 1699 2325 ,esse
1729 2287 1865 2324 unitum

400 2338 583 2376 accessorie
599 2366 610 2380 ‚
634 2341 665 2375 δι
681 2341 863 2383 subiefflve
877 2368 888 2382 ,
916 2354 988 2389 quae
1005 2341 1074 2377 fuit
1087 2343 1221 2388 Angeli'
1241 2337 1501 2388 jurisprudentia
1527 2341 1561 2374 in
1576 2336 1662 2379 cons.
1675 2337 1760 2374 248.
1774 2333 1866 2381 vers}

395 2386 467 2429 sed.
477 2386 537 2421 ubi
540 2386 584 2427 fit
598 2390 677 2424 unio
690 2413 701 2427 ‚
721 2400 821 2435 quam
837 2389 973 2424 laudant
988 2415 999 2430 ‚
1022 2389 1238 2436 probantque
1253 2393 1405 2424 Ferratt.
1417 2387 1502 2430 cons.
1519 2393 1597 2431 ²4²·
1612 2394 1704 2419 num.
1725 2388 1760 2425 5.
1773 2382 1867 2432 vers.

399 2436 445 2469 ό*
461 2437 593 2480 quando
608 2459 618 2469 .
644 2439 795 2480 Mandos.
807 2439 850 2472 ad
862 2438 969 2484 regul.
987 2445 1038 2477 12.
1060 2437 1203 2474 Cancell-
1218 2434 1328 2483 quaest.
1347 2446 1374 2469 1.
1387 2445 1478 2470 num.
1490 2433 1523 2467 6.
1553 2429 1672 2476 Hojed.
1693 2429 1730 2463 de
1745 2431 1865 2464 incom-

393 2488 559 2535 pabpar.
574 2491 609 2517 2.
623 2491 697 2530 cap.
708 2493 741 2528 3.
756 2496 845 2520 num.
862 2495 893 2529 3.
912 2488 1002 2531 vers.
1019 2483 1210 2527 namfifiat
1224 2486 1302 2521 unio
1315 2508 1326 2522 ,
1343 2485 1390 2518 (θ
1416 2480 1507 2523 vers}
1519 2487 1633 2514 tamen
1660 2480 1861 2526 incorpora-

398 2533 448 2561 ΠΟ
470 2553 479 2562 ·
498 2531 653 2578 ’Gratiam
678 2533 814 2578 discepn
831 2540 910 2577 29¹.
924 2543 1012 2568 num.
1030 2541 1064 2566 2·
1077 2535 1120 2568 φ
1140 2542 1171 2576 3.
1184 2555 1195 2570 ,
1218 2529 1349 2575 aliique
1368 2524 1635 2571 frequentissime
1653 2550 1661 2558 .

351 2570 403 2608 Ex
421 2572 482 2623 haf:
496 2574 604 2618 igitur
626 2577 812 2619 subjediva
826 2577 951 2614 unione
966 2577 1166 2614 Monasterii
1178 2579 1217 2613 de
1230 2576 1324 2622 Ripa
1337 2600 1348 2614 ,
1370 2585 1474 2620 quam
1492 2572 1565 2608 Leo
1581 2569 1627 2609 X.
1641 2569 1725 2605 fecit
1736 2567 1865 2620 MOH’?

396 2617 499 2654 sterio
526 2621 638 2656 Vallis
652 2624 719 2659 Piae
744 2624 872 2660 Finarii
889 2650 899 2663 ,
924 2626 1069 2662 efficitur
1084 2650 1095 2664 ,
1119 2633 1158 2660 ut
1171 2622 1422 2659 Monasterium
1445 2622 1484 2656 de
1509 2619 1601 2665 Ripa
1614 2616 1738 2652 factum
1759 2614 1867 2665 fuerit

395 2676 471 2711 pars
487 2688 500 2704 2
522 2668 757 2718 &membrum
772 2671 966 2707 Monasterii
983 2672 1094 2713 Vallis
1109 2671 1178 2708 Piae
1192 2698 1201 2712 ,
1229 2670 1261 2706 &
1281 2670 1356 2705 ideo
1371 2667 1438 2704 frui
1456 2666 1584 2707 debeat
1605 2663 1760 2698 omnibus
1781 2663 1868 2704 juri—

394 2713 460 2748 bus
476 2740 487 2753 ‚
511 2714 701 2767 pllvl‘ltjgiis
717 2743 726 2757 2
751 2719 780 2753 &
797 2721 1076 2765 exemptionibus
1091 2745 1101 2757 ,
1123 2718 1248 2765 quibus
1277 2716 1408 2763 praestat
1428 2709 1620 2761 principale
1642 2720 1762 2755 corpus
1777 2733 1787 2749 ,
1812 2707 1870 2743 cui

395 2758 485 2797 fasta
497 2759 564 2801 fuit
578 2772 664 2803 unio
680 2788 691 2804 ,
716 2774 835 2812 nempe
847 2766 1088 2805 Monasterium
1097 2765 1213 2804 Vallis
1222 2764 1292 2802 Piae
1308 2790 1320 2805 ,
1347 2772 1386 2800 ut
1400 2761 1540 2798 tradunt
1557 2758 1670 2803 Paris.
1685 2758 1771 2800 cons.
1793 2759 1868 2790 128.

1657 2816 1750 2844 num·
1767 2813 1819 2845 17·
