1955 3028
502 86 599 142 ET
634 91 1272 152 RESOLUTIONUM
1292 140 1303 151 .

142 157 280 203 Qibus
293 166 360 191 non
381 154 592 196 obstantibus
615 161 729 198 voluit
750 164 886 200 Sacrum

94 205 269 240 Tribunal
293 205 476 252 Hospitale
501 208 534 243 S.
549 208 791 246 Bartholomaei
819 211 884 247 Li-

118 264 212 288 aren.
226 264 296 288 non
321 252 387 288 esse
403 265 600 300 exemptum
616 268 633 290 a
648 258 883 298 jurisdictione

125 299 253 346 piscopi
268 301 381 348 quoad
395 302 598 339 redditiones
613 305 755 341 rationis
771 310 806 342 in
821 311 880 343 Li-

112 361 210 384 aren.
250 375 258 383 .
277 348 334 383 28.

46 357 250 441 Epliscopusz
271 395 329 443 qui
342 396 465 443 absque
475 397 568 434 Sacri
578 398 783 435 Patrimonii
798 413 879 436 con-

90 441 266 478 stitutione
293 442 471 479 Clericum
503 445 673 482 ordinavit
699 474 710 487 ,
744 457 879 483 tenetur

89 490 200 526 eidem
232 489 398 526 alimenta
432 493 586 537 praestare
613 520 622 533 ,
661 496 770 530 donec
795 507 879 532 con—

89 548 208 584 gruum
224 539 381 585 acquirat
397 538 607 577 BeneficIum
619 551 655 589 p.
669 548 727 588 σς.
748 542 780 588 ξ,
796 551 876 592 Ap-

81 586 242 631 pellavit
255 588 289 620 in
301 585 360 626 fin.

38 630 196 678 Episcopi
211 643 330 668 cavere
345 635 469 678 debent
481 645 524 669 ne
539 646 639 680 poena
659 638 873 674 censurarum

81 687 211 725 cogant
235 679 394 716 Clericos
421 682 649 719 Dioecesanos
667 687 707 719 ad
732 687 871 722 emenda

80 727 290 773 exemplaria
307 728 441 775 Synodi
460 755 470 769 ,
497 742 573 765 cum
596 732 704 768 omnis
728 733 872 779 quaestus

81 774 226 820 suspicio
239 774 283 809 ab
297 775 339 810 iis
363 778 482 812 debeat
505 777 612 814 abeffe
626 792 664 828 p.
680 781 713 817 8.
730 785 757 824 §.
779 782 868 829 Inju-

73 822 145 864 stas
159 825 319 869 inprinc-

127 869 171 904 Et
194 869 235 904 ad
248 880 318 907 rem
330 869 434 907 fufius
451 871 595 907 traditur
609 873 644 909 in
660 877 766 912 verbo
783 882 864 913 cen·

94 930 159 952 (17AE
178 941 188 951 ο

27 919 210 1011 Episcopus
225 965 344 1011 nequit
358 966 450 1012 leges
467 967 674 1003 fundationis
697 971 830 1006 variare
853 998 863 1012 ‚

73 1012 127 1047 sed
144 1023 244 1047 onera
257 1012 422 1047 Beneficii
440 1026 482 1050 ex
503 1014 710 1052 fundationis
731 1019 859 1054 tabulis

72 1059 251 1106 spectanda
267 1061 392 1108 suntp.
405 1066 465 1096 66:
479 1064 634 1112 cumseq'.
652 1067 685 1107 ξ.
703 1067 859 1112 Confugit

70 1110 162 1142 circa
178 1109 263 1144 med.

118 1156 238 1190 Onera
261 1164 373 1191 tamen
388 1166 432 1191 ex
445 1157 635 1204 Episcopali
659 1159 857 1195 visitatione

69 1200 217 1248 inposita
228 1204 362 1239 cuidam
383 1201 579 1246 Beneficio,
602 1206 642 1240 de
667 1207 762 1248 cujus
779 1207 856 1242 fun-

69 1251 210 1285 datione
234 1251 330 1285 nulla
350 1250 512 1288 existebat
539 1254 708 1288 memoria
729 1281 737 1294 ,
766 1255 856 1297 juffit

67 1297 167 1333 Sacra
193 1295 433 1346 congregatio
456 1299 520 1334 effe
543 1300 781 1347 adimplenda;
811 1304 855 1338 ad

65 1357 166 1392 quem
177 1342 334 1380 effectum
356 1348 540 1394 denegavit
555 1349 784 1386 remotionem
798 1349 854 1386 se-

65 1392 192 1438 questri
208 1394 242 1427 in
256 1396 450 1431 Vercellen.
461 1408 497 1442 p.
511 1403 572 1431 66.

197 1438 413 1477 ERIGERE
438 1442 660 1486 ERi-:CTIO
674 1471 682 1480 .

0 1486 253 1532 'Cappellaniae
279 1499 298 1522 a
319 1487 557 1527 Testatoribus
585 1492 768 1530 institutae,
793 1492 855 1526 Βε-

9 1534 14 1538 ”
61 1532 180 1570 neficii
214 1534 439 1572 Ecclefiastici
465 1547 619 1575 naturam
641 1551 710 1575 non
748 1539 855 1576 susci-

61 1582 190 1627 piunt,
223 1582 287 1617 nifi
314 1594 393 1618 cum
427 1583 624 1634 Episcopali
649 1588 852 1624 aquritate

61 1630 236 1675 erigantur
249 1656 260 1670 ‚
293 1631 324 1665 &
340 1630 529 1680 Episcopus
553 1635 715 1679 approbet
736 1636 829 1681 pacta
842 1664 852 1677 ,

61 1678 93 1710 &
116 1677 330 1713 conditiones
345 1704 355 1718 ,
379 1691 452 1725 quae
475 1692 494 1715 a
518 1680 789 1724 Testatoribus,
820 1685 852 1719 ὅ(

60 1723 311 1761 Fundatoribus
321 1725 469 1774 apposita
482 1726 609 1765 fuerint
611 1740 652 1778 p.
666 1741 717 1777 57.
732 1735 762 1774 §.
776 1737 852 1767 Ma-

60 1771 211 1815 nifestum
220 1775 254 1809 in
258 1777 375 1820 princ.

105 1818 250 1865 ldeoque
264 1820 288 1854 fi
317 1821 474 1857 'I'estator
494 1824 692 1859 consensum
705 1851 715 1862 ‚
740 1827 772 1861 δι
788 1839 850 1862 au-

57 1865 253 1903 {toritatem
269 1866 426 1914 Episcopi
454 1869 491 1904 in
512 1873 680 1907 ereffione
693 1872 849 1920 Cappel-

59 1913 160 1949 laniae
174 1925 242 1949 non
257 1916 461 1962 requisivit,
484 1916 538 1952 sed
558 1919 653 1954 illam
674 1919 747 1962 jure
768 1932 849 1966 pro-

85 1961 138 1996 rio
162 1960 274 1998 facere
299 1963 450 1999 voluerit
465 1990 476 2004 ,
498 1965 548 1999 nil
569 1966 663 2001 aliud
685 1967 718 2002 in
736 1977 850 2003 mente

56 1972 181 2044 lliabere
203 2010 319 2055 potuit
335 2036 347 2049 ‚
383 2022 483 2058 quam
509 2011 748 2050 fundationem
771 2015 850 2050 fim-

56 2055 159 2101 plicis
179 2057 438 2104 Cappellaniae,
458 2059 577 2107 piique
593 2061 720 2108 legati,
747 2063 842 2109 quod

57 2101 124 2136 fine
137 2105 301 2141 consensu
312 2133 322 2146 ,
344 2107 379 2142 &
393 2108 593 2144 auctoritate
607 2109 767 2156 Episcopi
779 2123 842 2157 po—

56 2157 145 2183 terat
160 2151 334 2189 confistere
340 2163 378 2202 p.
393 2157 452 2199 56.
469 2154 507 2201 ᾧ.
519 2158 555 2190 Id
568 2160 673 2203 ipsum
687 2180 699 2192 .

8 2196 220 2238 EreGionem
233 2198 514 2247 jurispatronatus
528 2202 649 2239 factam
672 2215 690 2238 a
708 2204 736 2239 F
738 2205 841 2239 unda·-

56 2254 130 2278 tore
153 2256 232 2280 cum
259 2247 491 2285 reservatione
511 2275 523 2290 ,
558 2253 648 2298 quod
669 2253 747 2290 casu
769 2264 840 2299 quo

54 2290 174 2327 nullus
199 2303 242 2328 ex
253 2292 318 2330 suis
342 2297 488 2333 Vocatis
507 2297 587 2334 esset
605 2300 839 2346 quiclericare

53 2338 163 2374 vellet·
182 2364 192 2378 ,
215 2339 321 2385 poss‘et
342 2343 511 2381 Patronus
534 2345 658 2383 fructus
687 2347 838 2390 ejusdem

51 2385 331 2439 jurispatronatus
347 2392 523 2440 percipere
538 2420 548 2434 ,
574 2395 608 2430 &
623 2396 834 2432 Sacrorum-³

50 2444 148 2469 oneri
175 2445 235 2479 per
261 2436 366 2472 alium
392 2439 607 2484 satisfacere,
632 2443 835 2490 rescriptum

50 2479 116 2515 fuit
131 2479 197 2516 effe
213 2493 335 2519 verum
352 2483 578 2529 Beneficium,
604 2500 676 2525 non
688 2503 774 2527 vero
788 2491 834 2526 le-

47 2537 165 2574 gatum
176 2530 273 2574 pium
298 2531 449 2572 laicale;
472 2535 521 2570 ita
533 2546 672 2578 tamen,
699 2548 736 2573 ut
752 2538 834 2573 facta

46 2586 109 2623 per
123 2575 307 2627 s’atronum
321 2579 486 2617 clericare
510 2584 686 2621 nolentem
705 2597 834 2621 renun—

47 2623 207 2657 ciatrone
234 2622 396 2662 Beneficii
414 2655 424 2669 ,
450 2629 481 2664 &
498 2629 692 2668 Clericatus
711 2659 722 2672 ,
761 2633 833 2668 fru—

0 2674 10 2688 ·'
55 2670 125 2704 {tus
151 2669 434 2724 jurispatronatus
457 2677 648 2723 perciperet
676 2706 686 2719 ‚
713 2679 834 2716 Miffis-

46 2728 112 2767 que
127 2727 188 2764 per
203 2718 310 2758 aliurn
325 2723 538 2762 satisfaceret
553 2730 589 2764 in
613 2730 827 2776 senogalien.

1715 106 1777 171 89

989 169 1210 214 cappellaniae
1222 181 1257 216 p.
1274 169 1328 204 28.

936 214 1105 248 Ereffloni
1119 216 1354 251 canonicatus
1371 243 1378 253 ,
1407 216 1711 257 Manfionarintus,
1738 220 1770 253 δι

979 260 1177 297 clericatus
1202 265 1316 298 locum
1343 263 1407 298 esse
1434 266 1473 298 „d
1499 264 1639 299 formam
1666 265 1771 300 testa-

978 309 1086 342 menti
1110 310 1325 350 fundatoris,
1359 311 1516 358 dotesque
1545 312 1607 347 esse
1629 313 1769 348 solven-

978 355 1036 389 das
1055 356 1090 391 in
1117 358 1262 402 pecunia
1281 370 1459 393 numerata
1478 359 1518 392 ad
1533 358 1687 395 effectum
1712 363 1768 395 in-

976 402 1139 440 vestiendi
1162 407 1195 440 in
1210 415 1265 440 tot
1287 405 1369 440 locis
1391 410 1556 441 montium
1572 420 1638 442 non
1666 419 1768 443 vaca-

975 449 1096 486 bilium
1116 465 1126 491 ;
1152 453 1261 487 libere
1278 454 1374 496 juxta
1392 453 1503 500 legem
1525 453 1740 490 fundationis
1754 482 1764 495 ‚

973 508 1114 533 onerato
1138 500 1312 546 Episcopo
1336 504 1448 547 quoad
1475 503 1716 537 executionem
1729 506 1765 539 in

972 546 1174 583 vrln'naten.
1192 551 1376 584 erectionis
1394 553 1617 585 ferronianus
1626 564 1661 598 p.
1682 560 1740 592 29.

922 589 1116 629 Canonicis
1141 595 1361 631 Cathcdralis
1380 595 1532 631 Ecclesiae
1559 597 1699 632 Sarnen.
1718 609 1762 633 an

971 638 1055 675 effet
1083 643 1296 677 concedenda
1321 643 1445 678 erectio
1463 645 1760 680 Hebdomadario-

969 699 1045 722 rum
1059 715 1068 728 ‚
1094 691 1151 735 qui
1170 690 1427 726 Canonicorum
1444 692 1537 726 vices
1557 692 1760 738 praestarent

968 734 1108 782 singulis
1124 738 1245 772 diebus
1260 764 1270 778 ‚
1295 739 1455 785 dictisque
1474 739 1662 775 Canonicis
1679 740 1758 775 lici-

965 791 1035 816 tum
1053 784 1129 819 inde
1154 783 1251 820 fieret
1268 798 1327 832 per
1343 786 1588 822 alternativam
1606 787 1757 823 inservi-

961 841 998 864 re
1013 857 1023 871 .
1048 843 1123 866 cum
1139 833 1374 880 exposceretur
1387 834 1479 869 Sacr.
1497 834 1664 869 Tribunal
1679 862 1688 874 ‚
1704 847 1755 869 re·

960 877 1094 924 scripsit
1112 881 1317 924 affirmati-ve
1345 892 1416 917 Cum
1436 883 1558 927 solitis
1586 884 1753 927 claltfielis

960 927 996 960 in
1013 933 1152 962 Sarnen.
1168 940 1203 975 p.
1226 939 1277 967 31·

913 970 1048 1007 Erectio
1076 972 1337 1010 Praebendarum
1364 976 1402 1010 in
1430 975 1573 1011 Massam
1601 989 1752 1014 commu-

960 1031 1040 1055 nem
1053 1023 1215 1068 denegata
1233 1022 1299 1058 fuit
1315 1027 1349 1059 in
1368 1031 1519 1071 capuana
1536 1025 1644 1071 Maffie
1659 1040 1750 1063 com-

958 1074 1070 1104 munis
1083 1082 1121 1115 p.
1138 1075 1189 1104 bf).
1209 1083 1282 1104 cum
1301 1072 1368 1116 stvq.

980 1115 1440 1153 EXCOMMUNICARE
1469 1117 1663 1156 EXCOM-

1162 1164 1277 1198 MUN
1289 1166 1368 1200 lCA
1383 1166 1401 1199 s
1414 1166 1463 1200 10
1478 1194 1485 1201 .

906 1212 1309 1248 Excommunicationem
1327 1225 1344 1247 a
1366 1214 1681 1251 Convisrtatoribus
1695 1216 1744 1251 E-

952 1260 1085 1308 piscopi
1105 1258 1323 1294 fulininatam
1339 1271 1456 1296 contra
1481 1264 1675 1299 Parochum
1693 1267 1743 1301 vi-

952 1307 1099 1342 sitationi
1116 1307 1148 1342 se
1162 1318 1395 1353 opponentem
1409 1311 1617 1356 approbavit
1644 1313 1739 1350 Sacr.

950 1354 1079 1402 Congr.
1095 1358 1129 1390 in
1147 1357 1288 1394 ‘Nolana
1301 1365 1337 1402 p.
1359 1366 1411 1401 33.
1443 1370 1516 1393 cum
1538 1360 1614 1405 seq·
1629 1362 1671 1393 ad
1694 1366 1738 1397 II.

949 1403 1073 1438 dub.&
1103 1401 1173 1437 alia
1198 1402 1241 1437 ad
1267 1403 1352 1438 hanc
1375 1405 1554 1441 materiam
1571 1406 1604 1441 in
1634 1409 1739 1443 verbo

954 1451 1098 1493 censum
1113 1475 1124 1485 .

1034 1496 1310 1533 EXPELLERE
1340 1497 1604 1538 EXPULSIO.

904 1544 1070 1592 Exputfio
1086 1545 1276 1581 Sacerdotis
1295 1547 1431 1590 expleta
1448 1559 1508 1593 per
1531 1548 1595 1584 ΡΡ.
1609 1550 1738 1585 Orato-

948 1594 989 1628 rii
1004 1595 1034 1628 S.
1050 1592 1201 1638 Philippi
1229 1593 1331 1628 Nerii
1357 1595 1599 1631 foroliviensis
1614 1598 1659 1632 ab
1683 1610 1738 1632 eo·

948 1650 1023 1675 rum
1041 1639 1323 1688 Congregatione
1338 1668 1347 1681 ,
1374 1651 1493 1687 utpote
1509 1645 1629 1685 injusta
1647 1672 1655 1684 ‚
1684 1646 1738 1682 sa-

949 1690 1066 1734 &aque
1092 1698 1213 1724 contra
1239 1688 1382 1724 formam
1404 1690 1736 1730 Constitutionum...

949 1736 1096 1784 ejusdem
1110 1737 1402 1783 Congregationis
1422 1736 1486 1773 fuit
1501 1742 1680 1785 reprobata
1699 1747 1735 1779 in

948 1785 1163 1820 forolivien.
1175 1794 1210 1832 p.
1223 1796 1283 1825 42.
1297 1787 1448 1831 cumseq.
1464 1790 1506 1821 aci
1520 1793 1543 1819 l.
1557 1789 1637 1822 dab.

995 1831 1312 1877 Reintegratusque
1327 1831 1394 1866 fuit
1418 1834 1595 1877 proedictus
1612 1837 1734 1873 Sacer-

945 1878 1006 1913 dos·
1029 1888 1096 1911 non
1122 1879 1228 1913 solum
1253 1880 1350 1918 loco,
1380 1891 1448 1925 quo
1472 1882 1597 1926 gratis,
1623 1885 1732 1923 veluti

946 1937 987 1960 ex
1011 1926 1157 1970 quodam
1176 1927 1291 1972 legato
1307 1927 1363 1971 pio
1385 1928 1569 1963 constituto
1594 1930 1732 1970 frueba-

945 1981 1003 2007 tur
1016 1972 1050 2006 in
1065 1973 1153 2008 dieta
1166 1972 1342 2020 Congreg.
1359 2001 1368 2013 ,
1395 1987 1512 2010 verum
1531 1977 1637 2013 etiam
1657 1979 1731 2017 fru-

943 2020 1051 2054 &ibus
1065 2020 1226 2057 omnibus
1244 2034 1262 2057 a
1277 2022 1343 2056 Pl'.
1359 2025 1528 2069 perceptis
1543 2037 1585 2060 cx
1608 2030 1729 2072 praedi-

939 2069 994 2101 {lo
1020 2068 1135 2112 legato
1148 2081 1209 2114 pro
1236 2079 1314 2105 toto
1340 2080 1490 2116 tempore
1516 2097 1526 2111 ‚
1563 2086 1630 2119 quo
1657 2076 1726 2122 ipse

937 2114 1004 2149 fuit
1018 2115 1135 2153 absens
1148 2116 1192 2151 ab
1214 2117 1377 2153 Oratorio
1391 2120 1477 2154 ibid.
1491 2123 1534 2155 ad
1548 2125 1588 2156 Il.
1603 2127 1648 2160 (φ’
1665 2129 1725 2161 III.

938 2162 1016 2198 duh.
1274 2216 1338 2297 F

1111 2353 1138 2388 F
1171 2356 1202 2389 A
1228 2354 1268 2389 M
1298 2358 1308 2391 Ι
1340 2356 1366 2390 L
1394 2356 1407 2390 Ι
1439 2357 1469 2390 A
1487 2380 1498 2391 .

947 2401 981 2436 N
1000 2401 1144 2436 materia
1158 2402 1444 2448 jurispatronatus
1473 2417 1594 2441 nomen
1609 2410 1646 2446 de
1659 2409 1716 2449 fa—

955 2451 1054 2486 milia
1075 2450 1241 2494 competit
1256 2463 1350 2497 xquc
1375 2453 1520 2496 Agnatis
1538 2480 1547 2493 ,
1574 2467 1613 2490 ac
1637 2454 1715 2491 Co—

931 2497 1087 2543 gnatisp-
1103 2499 1159 2541 78.
1184 2495 1216 2541 ᾧ.
1236 2511 1342 2544 neque
1364 2501 1398 2534 in
1424 2500 1488 2535 duh
1505 2504 1539 2536 ιή
1553 2506 1664 2549 princ.

979 2544 1018 2578 Et
1035 2543 1056 2576 si
1073 2543 1242 2584 adjectum
1258 2544 1359 2580 fuerit
1376 2557 1393 2580 a
1412 2547 1600 2583 Fundatot·c
1613 2550 1716 2585 fami-

885 2401 930 2485 I

932 2589 985 2625 lix
1007 2600 1196 2636 cognomen
1214 2619 1223 2632 ‚
1247 2593 1519 2639 distinguendum
1545 2597 1644 2632 cstan
1666 2598 1715 2632 sa·

929 2636 1022 2672 milia
1042 2662 1050 2675 ,
1076 2639 1129 2672 vel
1143 2641 1258 2674 domus
1281 2642 1408 2683 adjecto
1433 2643 1570 2678 nomine
1594 2655 1714 2679 vocata

931 2684 969 2718 sit
986 2685 1253 2731 impersonaliter
1266 2714 1276 2727 ,
1300 2701 1368 2735 quo
1385 2690 1462 2724 casu
1486 2691 1573 2727 solos
1590 2694 1713 2737 Agna-

932 2741 985 2769 tos
1000 2734 1236 2780 complectitur
1252 2737 1339 2773 ibiu-
1350 2740 1437 2774 circa
1453 2742 1538 2774 mcd-

1603 2787 1672 2821 Vel
