1978 3017
394 116 529 198 {saeuit
551 151 779 200 Ampliflitnis
810 147 969 184 Patribus
995 143 1196 190 respondere
1210 160 1249 169 --
1264 145 1412 181 Dilata,
1439 138 1483 178 ὠ·
1505 144 1681 183 scribatur
1708 139 1866 191 Epistola.

395 209 498 250 juxta
513 202 792 241 inslruffionem;
819 207 891 243 quae
909 192 974 229 fuit
988 219 998 234 ,
1023 201 1062 227 ut
1086 190 1270 238 Episcopus
1283 189 1434 224 mitteret
1458 187 1718 224 instrumentum
1731 196 1866 221 unionis

391 249 491 287 'factae
506 261 523 284 a
541 246 721 283 Francisco
740 244 857 279 Maria
872 240 997 276 Bichio
1011 238 1181 286 Episcopo
1199 236 1398 272 'sudertino
1414 246 1506 269 anno
1525 242 1624 281 1664.
1639 234 1742 269 trium
1757 233 1867 268 Bene-

395 298 556 334 ficiorum
578 293 781 338 simplicium
796 317 807 331 ,
831 300 981 337 quorum
995 287 1142 335 primum
1153 294 1371 331 nuncupatur
1394 283 1574 328 Hospitale
1602 283 1717 316 ,5217in
1742 286 1873 317 Teren*-

400 348 489 382 tia-ni
506 357 514 376 :
532 344 678 379 alterum
692 341 809 375 Sanbli
825 340 928 374 'Petri
944 339 982 372 de
1010 337 1122 371 Cenito
1140 360 1150 373 ‚
1162 333 1237 375 five
1264 336 1303 367 de
1323 337 1555 367 Cammerata=
1584 327 1727 368 tertiuin
1751 330 1866 362 Sam‘tc'

402 390 590 431 sebastiani
604 389 756 425 erectum
772 386 808 420 in
822 382 972 420 Ecclesia
988 379 1192 418 Cathedrali
1207 378 1361 419 Tuderti
1377 406 1384 413 .
1400 375 1564 419 Implevit
1576 375 1755 422 Episcopus
1773 386 1866 409 man-

402 439 482 475 data
495 437 589 474 Sacri
603 433 804 472 Tribunalis
819 459 828 473 ‚
852 433 883 467 &
897 432 932 466 in
950 430 1173 465 instrumento
1186 452 1197 466 ,
1219 427 1307 473 quod
1321 425 1407 461 misit
1418 452 1428 465 ,
1451 425 1522 458 haee
1537 424 1702 459 habentur
1714 437 1745 446 -··
1755 423 1868 457 Eccle-

396 487 450 530 fiae
472 491 598 520 curam
607 482 668 527 sub
682 482 787 517 titulo
804 482 918 514 Sancti
932 478 1117 513 Michaelis
1137 474 1353 520 Archangeli
1380 471 1565 512 Castrorum
1584 467 1771 507 ceccanibii
1788 493 1798 507 ,
1823 473 1865 505 &-

407 535 510 568 Pedii
521 533 649 579 „Aprici
662 528 891 571 insimulunit,
905 525 1339 570 incorporavit‚&untvit
1351 519 1528 567 Hospita-le
1543 520 1656 555 Sanffi
1673 517 1866 552 Terentiam
1884 543 1889 546 .

407 583 450 615 ad
461 575 743 626 praescnspoffess.
754 586 817 621 per
832 582 920 621 Rev.
935 572 1087 607 Carolum
1103 570 1307 604 Zibellinum
1323 595 1332 608 ‚
1362 573 1406 604 (φ
1433 565 1635 607 Beneficium
1652 561 1869 610 simplexsnb

410 629 523 664 Titnlo
538 628 627 662 Divi
641 621 826 663 sebastiani
838 625 873 657 in
888 617 1030 661 Ecclesia
1049 617 1266 654 cathedrali,
1293 620 1336 652 (ξφ
1356 614 1454 649 aliud
1468 615 1584 649 Sanfz'i
1598 614 1699 648 ‘Petri
1710 611 1759 644 ‚de
1775 614 1869 642 Cam-

407 684 543 711 merata
556 698 567 712 ,
593 681 733 719 quorum
749 671 867 714 Reblor
885 666 926 708 est
940 667 1105 701 Dominus
1128 666 1353 706 Hieronymus
1373 659 1519 698 Fabrus.
1536 659 1586 694 Ex
1600 658 1653 694 his
1678 654 1766 692 ni-hil
1781 653 1868 701 posse

407 721 554 769 colligi,
579 718 670 765 quod
683 715 811 750 officiat
824 711 1045 760 postulationi
1061 712 1124 746 suae
1138 709 1287 755 disputat
1304 707 1473 743 Parochus
1500 706 1611 743 Castu·
1637 702 1870 740 Ceccanibio-

409 780 488 804 rum
503 797 510 805 .
535 768 700 802 Poterunt
714 762 827 808 itaque
843 757 1104 796 Eminentissimi
1119 756 1234 791 Patres
1247 755 1394 799 repetita
1409 753 1552 789 lefflone
1569 754 1660 789 Folii
1671 753 1772 787 illius
1789 755 1872 785 Con-

406 816 627 863 gregationis
640 841 650 853 ‚
672 812 760 846 idem
776 835 786 849 ,
805 820 871 856 quo
889 817 969 842 tunc
982 803 1195 852 propositum
1206 830 1216 844 ‚
1242 801 1309 836 suit
1323 828 1333 842 ‚
1357 801 1514 836 Dubium
1528 800 1724 836 dissolvere.

371 872 433 901 ,An
449 862 627 905 ‘Parochus
643 856 788 899 Ecclefiae
804 856 907 897 Casiri
922 852 1192 891 ceccanibiorum
1203 857 1364 885 teneatur
1380 847 1556 884 celebrare
1581 846 1696 890 Missas
1710 848 1794 880 duas
1806 853 1873 892 pro

412 910 571 958 qualibet
586 905 790 944 hebdomada
804 906 839 939 in
859 902 1016 949 cappella
1032 900 1147 935 Sancti
1162 895 1352 945 Sebastiani
1362 897 1474 934 erecta
1489 897 1524 937 in
1539 893 1682 939 Ecclesia
1697 894 1876 932 cathedra

415 961 443 994 li
458 959 626 994 civitatis
648 953 789 988 Tuderti
803 953 838 986 ist
857 950 934 994 cafic
950 952 1023 985 &a
1489 942 1500 944 ’“
1546 940 1551 942 ’

465 1048 683 1088 Affirmative
694 1072 703 1087 ,
718 1047 750 1082 <Sc
763 1043 913 1090 amplius
924 1067 936 1080 ο

58 1153 176 1196 >effu
212 1155 323 1197 cap-6.
370 1145 753 1234 PLACENTINA
778 1139 1136 1178 EXEMPTIONIS:
1172 1140 1332 1180 Domus,
1353 1148 1456 1186 quam
1487 1133 1697 1171 Dominicus
1713 1160 1722 1174 ‚
1746 1131 1880 1177 aliique

451 1197 581 1231 Fratres
597 1193 737 1229 Schiavi
751 1190 937 1226 Placentiae
953 1189 1109 1224 incolunt
1126 1215 1134 1228 ,
1157 1184 1217 1221 sita
1233 1187 1278 1222 est
1293 1187 1381 1222 intra
1396 1184 1480 1219 fines
1493 1181 1706 1217 parochialis
1719 1178 1876 1215 Ecclesia:

417 1243 529 1280 SanCti
562 1240 691 1277 Hilarii
720 1239 814 1279 cuius
829 1236 1001 1272 Parochiae
1015 1235 1138 1270 Reuor
1150 1234 1196 1269 est
1207 1261 1216 1274 ,
1246 1235 1314 1268 sive
1329 1230 1521 1276 Prxpositus
1535 1230 1692 1265 Sacerdos
1704 1226 1882 1261 Corradi—

419 1292 494 1328 nius
509 1315 519 1326 .
538 1288 714 1326 Gravibus
725 1287 814 1321 inter
827 1285 965 1319 Fratres
979 1283 1115 1318 Schiavi
1129 1307 1140 1321 ,
1153 1282 1183 1316 &
1200 1282 1290 1316 hune
1306 1278 1522 1326 Praepositum
1533 1276 1660 1313 exortis
1675 1272 1882 1310 inimicitiis,

417 1339 603 1384 Episcopus
621 1332 875 1381 prudentissime
885 1330 992 1367 solvit
1010 1329 1148 1365 eosdem
1165 1328 1299 1363 Fratres
1311 1330 1352 1362 ab
1367 1325 1585 1372 obligatione
1601 1321 1771 1367 implendt
1791 1331 1878 1364 prae-

419 1396 556 1432 ceptum
570 1382 726 1418 Paschale
742 1381 775 1414 in
791 1378 938 1414 Ecclesia
951 1377 1147 1414 Parochiali
1161 1376 1270 1411 saneti
1288 1374 1418 1409 Hilarii
1437 1398 1446 1411 ,
1472 1371 1558 1406 saCta
1585 1368 1703 1404 iisdem
1716 1365 1881 1413 potestate

420 1434 517 1470 illam
531 1429 738 1477 adimplendi
755 1430 789 1464 in
807 1427 875 1461 alia
898 1424 1088 1460 Parochiali
1108 1421 1393 1462 Ecclefia‚evenit
1418 1420 1449 1455 id
1474 1418 1606 1453 duobus
1629 1415 1727 1449 annis
1741 1440 1752 1455 ,
1777 1425 1884 1458 nuper

419 1491 535 1516 autem
548 1479 657 1514 iidem
676 1476 804 1510 Fratres
820 1485 932 1519 preces
943 1473 1143 1511 obtulerunt
1158 1469 1388 1508 Sacratissimo
1415 1465 1570 1510 Principi
1596 1461 1707 1499 nostro
1722 1488 1732 1502 ,
1757 1461 1884 1506 quibus

447 1527 636 1562 ostulabant
649 1522 903 1568 exemptionem
917 1532 935 1555 a
950 1518 1139 1556 curaillius
1164 1515 1335 1562 Praepositi
1349 1543 1360 1556 ‚
1385 1524 1486 1559 utque
1504 1522 1592 1547 curae
1619 1507 1764 1544 Parochi
1792 1507 1886 1543 vici·

420 1575 528 1611 nioris
544 1572 803 1609 subiicierentus
822 1596 832 1609 ,
857 1569 966 1603 donec
985 1565 1187 1611 Praepofitus
1202 1565 1262 1599 ille
1275 1563 1311 1598 in
1324 1574 1363 1596 ea
1374 1559 1537 1596 Parochia
1551 1556 1633 1592 esset
1646 1584 1654 1596 ‚
1677 1556 1733 1592 De
1748 1555 1810 1589 hac
1824 1566 1888 1600 po-

420 1621 610 1658 stulatione
621 1616 825 1666 cognoscere
843 1615 1075 1661 Ampliffimos
1086 1613 1199 1647 Patres
1212 1611 1324 1646 voluit
1334 1607 1495 1654 Optimus
1509 1605 1666 1649 Princeps
1684 1627 1692 1636 .
1720 1601 1888 1639 Auditus,

421 1679 460 1707 ut
477 1669 551 1704 fieri
565 1669 672 1706 solet,
695 1664 887 1710 Episcopus
900 1661 1014 1697 causas
1028 1659 1149 1696 retulit
1163 1685 1173 1699 ‚
1195 1659 1318 1705 quibus
1333 1656 1466 1691 Fratres
1479 1651 1615 1687 Schiavi
1643 1658 1862 1685 moverentur
1875 1661 1886 1681 :

423 1728 512 1752 anno
527 1725 625 1761 ¹742·
639 1741 648 1755 ,
669 1712 765 1748 bello
779 1712 939 1746 fervente
950 1735 960 1749 ,
984 1708 1178 1743 accusatum
1193 1704 1289 1741 fuisse
1303 1701 1528 1738 Dominicum
1542 1710 1561 1733 a
1576 1697 1712 1735 foemina
1728 1695 1886 1740 vilissime

422 1762 631 1799 conditionis
645 1788 654 1801 ‚
681 1759 771 1806 quod
791 1756 940 1801 Principi
955 1753 1174 1791 maledixisset
1190 1779 1200 1791 ‚
1213 1749 1438 1796 plurimasque
1452 1757 1617 1782 aerumnas
1631 1743 1703 1792 pati
1720 1740 1883 1780 debuisse,

422 1820 603 1857 antequam
615 1809 657 1844 ab
672 1807 808 1850 impieto
822 1803 966 1839 crimine
993 1810 1198 1848 purgaretur
1214 1825 1223 1838 ‚
1245 1801 1289 1834 ob
1313 1796 1433 1832 salsam
1458 1792 1733 1830 testificationem
1747 1817 1758 1831 ,
1784 1801 1886 1836 quam

422 1859 486 1892 hac
505 1860 548 1892 de
563 1868 597 1891 re
621 1855 746 1888 fecerat
758 1861 918 1889 oretenus
936 1853 1040 1885 bonus
1057 1849 1116 1882 ille
1140 1845 1335 1892 Praepositus
1349 1854 1453 1878 :anno
1474 1850 1573 1883 ¹744.
1586 1837 1772 1883 discordias
1788 1836 1886 1871 exci-

425 1904 505 1940 tasse
520 1901 737 1948 Praepositum
748 1900 841 1934 inter
854 1907 996 1932 matrem
1010 1897 1165 1930 Fratrum
1176 1891 1315 1928 Schiavi
1329 1918 1338 1931 ,
1365 1891 1397 1927 &
1413 1885 1748 1928 uxoremlDominici
1762 1911 1772 1924 ‚
1797 1883 1885 1918 itaut

424 1961 535 1987 mater
547 1962 624 1985 curn
636 1949 764 1983 duobus
777 1944 859 1980 filiis
874 1943 1112 1980 Sacerdotibus
1131 1943 1231 1976 domo
1245 1938 1409 1975 secesserit
1422 1964 1432 1978 ‚
1443 1937 1476 1972 &
1491 1934 1560 1980 post
1573 1934 1659 1968 hanc
1673 1930 1886 1968 secessionem

425 2011 530 2034 novas
543 1995 702 2032 excitasse
717 1993 897 2029 discordias
912 1992 1053 2036 sequuta
1069 1988 1180 2024 fuisset
1192 1985 1309 2023 divisio
1323 2012 1334 2025 ,
1361 1982 1419 2020 nisi
1433 1984 1501 2019 duo
1518 1981 1639 2017 fratres
1653 1979 1708 2014 sibi
1733 1977 1883 2013 invicem

426 2044 633 2093 aperuissent
646 2043 819 2077 authorem
833 2066 843 2079 ‚
870 2040 900 2074 ὃ(
919 2038 1147 2074 excitatorem
1162 2034 1405 2070 discordiarum
1419 2057 1430 2072 ,
1452 2032 1483 2067 &
1499 2030 1632 2065 litium:
1662 2028 1764 2074 Anno
1786 2030 1884 2070 1746.

426 2092 560 2128 callidis
573 2091 703 2126 artibus
720 2086 888 2133 Praepositi
903 2086 1033 2120 anetam
1058 2082 1152 2119 fuisse
1166 2095 1184 2117 a
1196 2079 1476 2128 Congregatione
1501 2075 1728 2112 Parochorum
1747 2070 1884 2118 pensio-

426 2151 505 2175 nem
518 2139 664 2174 tabernae
677 2163 686 2174 ‚
711 2148 813 2184 quam
827 2134 943 2170 alieno
958 2132 1097 2168 nomine
1113 2130 1231 2165 fratres
1243 2136 1402 2163 exercent
1421 2153 1431 2165 ‚
1448 2127 1534 2160 itaut
1547 2123 1735 2158 dubitatum
1751 2118 1851 2154 suerit
1864 2131 1885 2153 a

428 2187 591 2223 Parochis
606 2212 615 2225 ,
639 2197 681 2219 an
697 2184 793 2219 licite
815 2189 1062 2229 augumentum
1076 2177 1162 2214 illud
1181 2176 1330 2216 retinere
1355 2172 1510 2223 possent,
1531 2171 1622 2218 quod
1645 2167 1765 2203 illicite
1778 2165 1883 2202 fuerit

431 2233 605 2280 tiuaesitum
620 2260 627 2268 .

383 2283 545 2319 Nondum
557 2279 729 2318 causarum
744 2277 846 2316 finis;
864 2275 982 2322 cepisse
1000 2274 1215 2320 Praepositum
1240 2271 1369 2309 crebris
1390 2265 1641 2306 visitationibus
1657 2292 1667 2306 ,
1680 2259 1882 2306 secretisque

431 2327 642 2366 sermonibus
667 2327 823 2362 excolere
848 2323 1051 2358 Theresiam
1076 2321 1211 2356 Scbiavi
1236 2330 1353 2355 eorum
1380 2317 1527 2353 sororem
1552 2341 1563 2355 ,
1601 2325 1675 2358 qux
1701 2311 1792 2345 domi
1809 2317 1883 2344 erat

430 2379 466 2412 in
487 2375 653 2411 viduitate
676 2400 685 2413 ,
721 2384 861 2419 campie
899 2368 1051 2406 avertisse
1077 2381 1094 2403 a
1119 2365 1315 2403 confessario
1351 2364 1502 2400 moribus
1528 2387 1539 2400 ‚
1571 2361 1603 2395 δι
1630 2358 1783 2394 doctrina
1811 2367 1884 2400 per-

430 2424 563 2470 specto,
579 2434 645 2469 quo
660 2420 786 2456 solebat
811 2420 859 2454 uti
878 2432 887 2458 ς
911 2415 1118 2452 l'rohibuissc
1142 2414 1260 2451 fratres
1288 2415 1345 2448 has
1368 2410 1602 2446 visitationes,
1625 2409 1655 2442 &
1673 2403 1881 2441 domesticos

430 2471 625 2508 sermonem
646 2465 860 2514 Praepositum
886 2463 985 2511 egisse
999 2463 1148 2510 epistolis
1175 2462 1279 2499 eciam
1297 2462 1478 2494 amatoriis
1505 2453 1744 2500 diuturnisque
1766 2449 1883 2484 collo·

430 2519 516 2563 quiis
544 2518 577 2551 in
588 2517 667 2551 Sede
681 2514 919 2549 Sacramentali
934 2539 944 2553 ,
966 2513 1001 2545 in
1015 2510 1166 2546 Sacrario
1177 2535 1186 2548 ,
1206 2510 1240 2543 in
1256 2507 1399 2543 AEdibus
1412 2503 1665 2540 parochialibus
1679 2526 1688 2538 ,
1712 2497 1790 2532 &in
1808 2495 1883 2541 ipso

431 2562 738 2598 Parochicubiculo
752 2588 760 2600 ,
781 2572 847 2595 non
862 2560 958 2598 levi,
984 2560 1013 2593 ὅ(
1035 2557 1191 2595 viciniae,
1215 2553 1424 2591 &Civitatis
1437 2549 1590 2587 scandalo
1605 2574 1615 2587 ,
1638 2545 1726 2592 quod
1751 2547 1885 2578 tandem

429 2609 569 2644 cessavit
583 2608 663 2655 suga
676 2609 787 2643 vidure
800 2634 810 2648 ,
833 2619 906 2654 quae
918 2617 1025 2641 novas
1038 2605 1169 2649 nuptias
1182 2602 1357 2638 contraxit
1378 2611 1454 2635 cum
1472 2598 1570 2632 Petro
1594 2593 1789 2638 Callegario
1813 2591 1887 2625 filio

429 2657 550 2692 sororis
565 2655 738 2701 Praepositi
755 2681 765 2693 ‚
787 2666 912 2700 magno
924 2652 1062 2687 familia:
1074 2650 1211 2686 Schiavi
1224 2651 1384 2684 dedecore
1397 2649 1439 2681 ob
1455 2641 1712 2688 inequalitatem
1724 2650 1790 2673 non
1805 2647 1888 2673 aeta-

429 2705 472 2740 tis
487 2705 623 2737 tandum
637 2727 646 2739 ‚
665 2701 718 2734 sed
732 2702 836 2735 etiam
853 2699 1059 2735 conditionis
1077 2723 1086 2732 .
1111 2698 1290 2742 Episcopus
1307 2694 1490 2731 secundum
1520 2689 1642 2724 fratres
1658 2687 1794 2722 Schiavi
1810 2685 1889 2719 sen—

428 2752 495 2787 tite
510 2749 644 2787 videtur
655 2759 693 2781 ea
710 2746 886 2791 praesertim
898 2747 1038 2782 ratione
1051 2772 1063 2785 .
1084 2748 1172 2791 quod
1188 2759 1249 2781 mm
1263 2752 1389 2790 agatur
1403 2745 1436 2776 in
1447 2738 1597 2790 presenti
1615 2762 1625 2776 ‚
1652 2733 1712 2782 nili
1721 2735 1760 2770 de
1771 2731 1891 2780 perso-

1774 2781 1846 2815 nali
