1977 3028
1528 153 1570 186 27

97 199 250 227 mentum
263 191 306 226 ob
328 192 592 237 chirographum
606 191 771 238 scriptum
793 200 811 224 a
824 189 926 225 Petro
939 190 1125 227 Francisco
1136 216 1146 230 ,
1179 203 1255 227 cum
1270 192 1320 233 Jo:
1339 193 1449 228 Maria
1466 194 1567 228 frater

99 250 239 275 uxorein
260 239 384 278 duxit,
410 242 443 274 ὃ(
464 266 473 279 ,
497 239 579 286 quia
605 252 681 275 cum
701 243 788 275 bona
823 238 970 273 maxima
998 251 1039 274 ex
1067 248 1162 284 parte
1185 239 1288 274 essent
1307 240 1567 277 fideicommiffis

98 287 266 328 maiorum
279 290 427 321 obnoxia
444 313 452 325 ,
481 300 551 322 non
566 286 670 332 posset
685 288 807 323 Petrus
825 284 1024 321 Franciscus
1041 289 1081 320 de
1107 286 1145 320 iis
1159 287 1337 331 disponere
1353 316 1360 324 .

56 334 175 381 Sopita
195 333 261 380 suit
280 334 350 369 haec
379 335 606 369 controversia
631 334 851 370 transactione
874 332 960 367 inita
983 345 1072 367 anno
1093 334 1194 375 1⁶89.
1223 345 1255 367 in
1282 347 1346 379 qua
1369 336 1569 383 suppositum

103 381 170 416 fuit
183 382 415 427 multiplicum
432 381 513 416 scut.
537 394 614 422 geo.
633 381 770 428 singulis
797 380 892 414 annis
919 380 1112 415 iaciendum
1130 380 1246 414 favore
1271 381 1420 417 filiarum
1438 387 1572 418 ‹lotan-

103 431 224 466 darum
242 428 382 464 familiae
399 429 611 464 franchiniae
629 428 779 464 Taviani
794 454 804 467 ,
829 427 1034 473 explendum
1050 426 1112 462 esse
1135 441 1173 462 ex
1208 428 1338 463 residuo
1363 430 1568 466 haereditatis

101 478 293 512 Testatoris
308 502 317 510 .
348 476 602 512 Convenerunt
621 476 727 522 igitur
752 475 888 510 Sodales
902 502 911 514 ,
941 476 972 510 &
1001 476 1012 508 1
1030 476 1122 510 utrix
1139 502 1148 516 ‚
1174 488 1211 510 ac
1230 475 1382 520 Pupillus
1395 503 1405 516 ,
1427 478 1569 512 servatis

101 525 266 561 omnibus
302 524 391 565 Juris
414 523 610 562 solemniis,
636 533 672 558 ut
707 523 920 558 sodalitium
945 532 995 557 tot
1024 523 1112 557 bona
1143 523 1353 558 haereditaria
1379 525 1569 564 retineret,

104 582 190 619 quot
217 571 293 606 satis
320 569 426 605 essent
450 583 514 616 pro
538 570 718 615 implendis
745 569 906 605 oneribus
933 570 1135 616 perpetuisa
1161 570 1339 606 Testatore
1364 572 1514 610 relictis,
1536 572 1569 606 &

105 619 294 668 praesertim
311 619 373 653 illo
387 619 538 665 quinque
554 618 835 653 Officiaturarum
850 643 860 656 ‚
885 619 1055 662 reliquum
1072 630 1157 653 vero
1171 621 1392 664 aflignaretur
1405 620 1543 654 ‘sutrici
1559 644 1571 658 ,

108 667 320 714 Pupilloque
338 666 419 701 loco
441 665 647 711 multiplici,
671 665 819 711 suscepta
833 675 852 697 a
865 663 1015 701 Turrice
1027 693 1036 705 ,
1062 666 1091 699 δι
1107 666 1243 711 Pupillo
1255 667 1470 712 obligatione
1485 679 1570 714 pne—

105 714 218 751 standi
237 715 330 748 dotes
352 725 390 747 ex
407 710 571 748 sriifitibus
596 713 764 748 bonorum
778 739 788 752 ‚
817 723 888 758 quae
904 714 951 748 eis
969 713 1198 753 obvenirent,
1226 716 1384 749 detractis
1404 715 1443 749 iis
1458 742 1468 754 ,
1498 725 1570 760 quae

106 761 255 798 retineri
270 760 438 796 debebant
452 771 470 795 a
500 760 684 800 Sodalitio,
705 771 805 806 atque
822 760 869 793 ita
897 761 986 795 abiit
1005 761 1037 794 in
1052 772 1147 796 auras
1164 787 1174 800 ,
1198 773 1265 796 non
1289 760 1374 795 sailo
1398 762 1573 807 multipli-

108 822 171 850 co,
192 807 424 843 Providentia
450 807 640 843 Testatoris
654 834 664 848 ,
691 809 722 842 ὅ(
744 810 890 853 legatum
907 808 992 843 illud
1007 817 1058 842 tot
1071 835 1080 848 ‚
1101 820 1173 854 qua:
1191 809 1286 853 supra
1303 809 1449 843 dedimus
1461 808 1573 843 verbis

109 854 323 903 expressumz
358 855 493 890 PaClutn
518 856 754 902 quoqueillud
766 865 976 890 conventum
1003 856 1067 890 suit
1085 881 1093 891 ,
1118 865 1152 890 ut
1168 883 1178 895 ,
1203 856 1224 890 si
1241 856 1326 890 sorte
1345 857 1430 891 bona
1459 857 1571 891 haere-

109 903 235 940 ditaria
249 930 258 942 ,
284 916 357 949 quae
373 902 610 938 retinebantur
627 915 643 937 a
662 902 824 936 Sodalitio
839 911 888 936 tot
904 903 1052 937 redditus
1070 915 1134 937 non
1151 915 1212 949 pra.
1221 903 1342 937 starent
1358 929 1369 943 ,
1394 913 1477 949 quot
1492 903 1572 938 satis

107 951 217 988 ess'ent
233 951 393 986 oneribus
411 949 595 995 implendis
609 977 618 989 ‚
644 958 843 984 tenerentur
858 949 1056 985 Franchinii
1071 949 1219 985 Taviani‘
1234 950 1386 996 supplere
1410 950 1572 986 fructibus

109 1000 327 1045 reliquorum
344 999 506 1032 bonorum
526 1021 535 1030 .
565 995 767 1031 Transaeii'o
789 998 859 1031 hac
885 997 1084 1033 confirmata
1101 998 1165 1032 suit
1183 1010 1200 1032 a
1226 998 1329 1033 Sacro
1353 1000 1415 1033 hoc
1437 997 1575 1033 Tribu-

109 1047 208 1085 nali,
236 1047 265 1081 &
283 1045 388 1080 Brevi
407 1043 624 1079 Venerabilis
637 1045 731 1079 Servi
762 1044 831 1079 Dei
853 1043 1043 1080 innocentii
1062 1045 1126 1080 xi.
1142 1045 1276 1080 servata
1303 1045 1368 1080 fuit
1396 1045 1576 1080 transactio

110 1095 151 1130 ad
168 1094 237 1128 haec
253 1093 354 1138 usque
377 1101 553 1139 temp0ta;
577 1091 629 1126 sed
649 1092 825 1126 diminutis
842 1093 1026 1127 redditibus
1050 1093 1217 1127 bonorum
1240 1120 1250 1132 ‚
1275 1104 1348 1139 quae
1370 1091 1575 1127 sodalitium

109 1141 254 1178 retinuit
273 1151 335 1187 pro
349 1140 570 1185 implemento
590 1150 732 1174 onerum
752 1138 903 1184 quinque
919 1139 1139 1174 Officiaturar
1149 1152 1202 1174 um
1222 1165 1231 1179 ,
1252 1141 1383 1174 coaetus
1397 1139 1575 1180 fuitJoan—

108 1201 168 1226 nes
185 1188 296 1222 Maria
312 1199 351 1222 ex
382 1188 478 1233 pacto
498 1187 530 1221 in
545 1186 766 1221 transafiione
780 1197 951 1221 convento
977 1186 1130 1233 supplere
1147 1214 1156 1226 ‚
1182 1188 1211 1221 ἃ
1228 1187 1394 1232 praestatio
1406 1187 1472 1221 liaec
1487 1199 1575 1233 quo—

107 1234 223 1272 tannis
240 1234 288 1270 est
309 1235 340 1269 in
362 1234 443 1269 scut.
464 1243 518 1273 40.
534 1234 674 1268 Censuit
690 1234 796 1279 igitur
809 1234 953 1274 Joannes
969 1235 1080 1269 Maria
1096 1246 1213 1280 preces
1226 1232 1349 1269 offerre
1375 1234 1476 1269 Sacro
1490 1234 1575 1268 huic

109 1282 304 1327 Tribunalj
317 1293 406 1318 anno
423 1287 517 1320 1748.
538 1304 547 1319 ‚
572 1282 691 1326 quibus
717 1281 874 1325 petebat,
902 1291 938 1315 ut
952 1293 1025 1316 cum
1052 1282 1214 1327 praedium
1238 1292 1468 1327 nuncupatum
1495 1282 1576 1317 Vol—

108 1331 324 1380 pacchiana,
348 1330 437 1373 quod
455 1329 486 1362 ei
511 1328 610 1362 unice
626 1327 774 1362 obvenit
793 1339 834 1362 ex
847 1327 963 1363 eadem
983 1330 1201 1364 transaffitione
1225 1330 1465 1363 detrimentum
1481 1339 1573 1363 acce-

112 1378 204 1425 perit
221 1402 232 1415 ,
261 1378 348 1412 itaut
361 1388 437 1411 cum
456 1387 498 1410 eo
523 1384 674 1421 tempore
689 1375 842 1410 redderet
855 1387 966 1411 annua
982 1378 1065 1411 scut.
1083 1390 1137 1416 fo.
1155 1404 1164 1416 ‚
1192 1388 1281 1410 nunc
1299 1378 1355 1410 vix
1376 1377 1490 1410 reddat
1507 1387 1573 1409 ari-

111 1436 178 1462 nua
199 1424 310 1472 sc.72.
328 1449 339 1463 ,
364 1423 542 1458 transactio
557 1423 616 1457 illa
641 1422 718 1456 anni
746 1425 842 1468 1689.
858 1449 868 1463 ‚
895 1436 966 1470 quae
980 1425 1017 1457 ad
1032 1423 1247 1471 iniquitatem
1268 1424 1428 1469 vergebat
1445 1449 1454 1461 ‚
1480 1423 1572 1458 redi-

110 1481 251 1519 geretur
264 1475 302 1506 ad
325 1471 555 1517 aequalitatetn
571 1494 578 1503 .
594 1500 597 1503 ,
611 1470 756 1505 Auditus
772 1469 834 1505 suit
846 1472 884 1505 de
913 1472 963 1506 liis
977 1471 1136 1515 precibus
1153 1471 1331 1515 Episcopus
1348 1469 1567 1508 ΡΛὶοτίει-ιῐῐςς

112 1522 165 1557 sed
183 1518 341 1555 defuneto
355 1518 492 1553 interim
505 1519 631 1560 Joanne
654 1517 766 1552 Maria
789 1516 854 1551 filii
879 1518 1028 1560 ejusdem
1044 1547 1054 1560 ,
1080 1519 1136 1563 qui
1163 1520 1275 1554 ultimi
1292 1519 1368 1553 sunt
1394 1517 1565 1557 Familiae,

113 1568 208 1603 adito
229 1565 451 1603 sacratissimo
478 1566 638 1613 Principe
663 1566 796 1605 nostr0,
828 1566 1076 1606 obtinuerunt,
1102 1577 1138 1600 ut
1168 1570 1262 1600 Sacro
1288 1566 1366 1601 huic
1386 1564 1576 1600 Tribunali

114 1616 374 1662 injungerentur
387 1612 563 1650 facultates
576 1624 766 1662 ouinespro
780 1617 972 1663 aperitione
991 1618 1062 1651 oris
1079 1642 1089 1656 ‚
1106 1626 1146 1650 ne
1159 1612 1368 1649 obstaculum
1383 1612 1421 1648 sit
1437 1624 1454 1647 a
1470 1611 1573 1648 Brevi

113 1663 362 1700 Innocentiano
375 1688 384 1698 .

68 1711 258 1759 Episcopus
272 1724 384 1747 veram
399 1711 463 1749 effe
485 1713 592 1749 refert
618 1712 881 1750 diminutionem
908 1714 1074 1750 fruetuum
1094 1712 1249 1749 omnium
1272 1713 1437 1746 bonorum
1460 1734 1470 1748 ‚
1500 1720 1575 1754 quae

122 1759 285 1795 Testator
299 1760 459 1806 reliquit,
475 1762 574 1807 idque
590 1760 658 1796 fine
671 1763 740 1797 ulla
753 1763 856 1808 culpa
870 1789 880 1802 ,
905 1772 963 1797 aut
990 1762 1162 1797 sodalium
1182 1788 1188 1799 ,
1214 1769 1270 1794 aut
1295 1766 1346 1801 Jot
1366 1759 1499 1793 Mariae:
1515 1756 1574 1790 de·

115 1805 344 1842 minutionem
355 1808 474 1856 praedii
490 1811 738 1857 Volpacchiana
754 1820 826 1845 tum
841 1811 874 1845 in
886 1811 999 1856 pretio
1014 1837 1021 1848 ,
1038 1820 1106 1845 tum
1128 1811 1159 1844 in
1176 1807 1310 1842 redditu
1327 1805 1476 1840 eveniffe
1488 1832 1496 1844 2
1517 1816 1578 1855 ἕξ·

116 1854 323 1890 undantibus
337 1856 464 1890 duobus
487 1855 682 1891 fluminibus
701 1883 709 1894 ‚
735 1857 860 1901 quibus
875 1882 884 1895 ,
910 1857 1083 1894 ambitum
1111 1857 1302 1889 peritorum
1325 1864 1463 1898 quoque
1483 1849 1578 1885 testi-

115 1899 298 1937 ficationes
315 1902 439 1944 adjecit
452 1902 495 1937 de
520 1903 628 1938 veteri
646 1901 792 1944 ejusdem
807 1904 946 1938 redditu
961 1930 970 1942 ,
997 1904 1029 1938 &
1051 1907 1091 1938 de
1116 1912 1228 1948 pretio
1258 1899 1408 1942 ‹juidem
1436 1897 1581 1944 pr.tdii;

117 1948 247 1985 Censet
261 1960 374 1986 autem
389 1953 422 1985 in
436 1951 490 1985 his
514 1951 779 1992 circumstantiis
797 1952 1035 1997 indulgendum
1062 1952 1118 1994 este
1136 1947 1414 1996 „implicantibus
1430 1948 1580 1981 ψαῦ’-,η-

117 2005 151 2032 te
176 1999 548 2044 aliqualiaequitativa
564 1999 758 2034 reduc‘iione
779 2000 951 2034 Millariim
967 2024 977 2037 ,
998 2003 1040 2034 (φ
1060 2000 1330 2042 offici-‹turarum
1346 2007 1407 2029 non
1428 1992 1580 2029 oluff-wite

118 2046 346 2088 transabiione
360 2048 440 2081 anni
458 2044 578 2087 ¹689..
605 2045 636 2080 &
649 2043 733 2079 hanc
744 2044 837 2079 suam
852 2044 1051 2079 sententiam
1066 2043 1303 2090 generalibus,
1327 2043 1357 2077 8<
1373 2039 1579 2086 specialibus

118 2092 306 2127 rationibus
319 2091 518 2128 confirmat.
545 2093 682 2128 sodales
698 2091 992 2139 Congregationis
1018 2095 1048 2128 di
1059 2093 1103 2127 lli
1134 2098 1312 2128 Trentiztre
1331 2089 1450 2124 solium
1475 2087 1581 2122 dede-

121 2149 198 2174 runt
213 2139 401 2187 Episcopo,
427 2141 483 2187 qui
511 2140 598 2176 illud
617 2139 768 2185 Epistol.e
786 2141 848 2177 sux
864 2140 1051 2180 annexuit,
1082 2151 1147 2185 quo
1162 2138 1282 2174 sactum
1307 2145 1471 2174 narrant,
1492 2135 1523 2168 &
1538 2145 1582 2169 ex

121 2197 163 2220 eo
179 2187 358 2236 [Episcopus
373 2188 480 2224 refert
493 2199 552 2223 eos
569 2200 674 2235 aequo,
690 2188 880 2236 libentique
899 2191 1010 2223 animo
1025 2198 1217 2235 receptio-os
1233 2196 1477 2232 quamcumque
1493 2186 1585 2224 reso-

123 2234 284 2271 lationem
300 2248 331 2271 ra
342 2240 410 2283 agis
425 2236 619 2278 benevisam
633 2241 740 2270 sacrae
767 2237 1028 2283 Congreg.ztioni
1042 2261 1052 2274 ‚
1078 2237 1138 2271 vel
1157 2234 1275 2270 habito
1291 2233 1441 2280 respeaeiu
1460 2231 1503 2264 ad
1515 2232 1584 2273 71!—

116 2280 250 2321 stl'tiam
268 2308 278 2322 ,
301 2285 361 2319 vel
376 2287 419 2319 ad
437 2286 634 2331 icquitatem
655 2307 665 2321 ,
690 2283 751 2318 vel
775 2285 906 2318 demvm
931 2284 974 2317 ad
989 2284 1147 2329 gratiam
1163 2308 1173 2321 ,
1203 2290 1335 2316 attento
1352 2280 1440 2327 qnod
1467 2279 1583 2312 eadem

120 2330 277 2364 Societas
289 2332 420 2367 millum
436 2333 533 2368 alind
546 2333 578 2365 in
600 2330 659 2364 hoc
682 2330 787 2365 hibet
813 2331 969 2376 interesse
988 2357 998 2370 ,
1019 2342 1121 2377 quam
1147 2330 1343 2366 nominandi
1363 2326 1583 2376 cappellanus

121 2378 165 2410 ad
179 2375 390 2419 officiaturas
406 2380 547 2416 relit‘las
563 2381 595 2413 in
608 2377 803 2418 testamento
817 2380 900 2413 dicii
913 2384 1014 2414 'Petri
1032 2377 1201 2419 l-rancisci
1220 2377 1386 2410 Tiiviani:
1413 2372 1521 2406 Addit
1534 2370 1585 2405 fo-

120 2423 204 2458 lium
219 2422 352 2458 Sodales
366 2435 558 2464 curaturos,
570 2423 948 2471 chesiapuntualmente
961 2427 1109 2471 esegiiita
1124 2425 1157 2459 l.z
1173 2423 1233 2458 dil
1259 2423 1271 2457 ι’
1288 2420 1430 2457 volonta'
1441 2419 1505 2466 7·in
1514 2427 1584 2455 etta

121 2473 169 2505 ai
194 2474 318 2516 Legati
343 2475 403 2507 ‘Pia'
424 2474 564 2516 lasciati
580 2474 635 2508 nel
651 2474 685 2507 di
706 2473 758 2508 lui
779 2473 1005 2515 testamento,
1033 2484 1086 2507 ma
1101 2472 1234 2518 sempre
1259 2472 1293 2504 in
1322 2469 1403 2515 quei
1418 2468 1583 2504 termini,

121 2518 179 2554 she
189 2520 251 2564 pm
263 2520 408 2562 svamm
423 2517 586 2564 conformi
613 2521 648 2554 al
664 2520 776 2565 glsssto
792 2546 800 2559 ‚
823 2533 839 2555 e
854 2522 888 2554 di
901 2523 1010 2556 minor
1020 2520 1168 2567 pollibile
1178 2518 1400 2565 pregiudizio
1420 2514 1507 2564 -icln'
1524 2512 1587 2563 elye

116 2564 165 2607 fia
179 2592 186 2600 .
213 2565 327 2600 Causa
345 2576 432 2600 nunc
453 2566 580 2612 igitur,
609 2567 704 2602 nullo
716 2567 973 2604 contradicente
988 2594 997 2606 ,
1027 2564 1232 2614 proponitur
1251 2589 1260 2601 ‚
1281 2574 1355 2609 quae
1380 2570 1479 2611 ratm-
1493 2558 1558 2594 ffflt
1573 2586 1586 2600 ³

122 2611 572 2656 utipseffiestamenti'verba
587 2615 632 2648 de
659 2615 882 2657 Multiplico,
905 2615 992 2660 quod
1019 2624 1200 2659 numquam
1225 2608 1363 2644 initium
1379 2608 1497 2644 habuit
1513 2634 1523 2647 ,
1553 2607 1587 2641 ὅ(

122 2658 247 2694 facturn
260 2659 359 2702 huius
372 2660 490 2697 Causte
510 2662 639 2707 integre
655 2663 844 2698 dederimus
858 2688 868 2702 ‚
896 2672 933 2696 ut
948 2660 1060 2697 oeulis
1074 2656 1419 2695 Eminentiffimorum
1445 2655 1588 2690 Patrum

121 2706 474 2750 omniasubjiciantur
491 2735 498 2743 .

74 2752 261 2798 Disputant
279 2754 414 2790 Fratres
430 2756 628 2792 Franchinii
645 2756 799 2793 Taviani
813 2755 876 2793 filii
892 2758 942 2798 Joz
968 2755 1088 2791 Mariae
1106 2754 1366 2791 transaClionem
1393 2751 1513 2785 initam
1527 2759 1588 2783 an-

121 2812 164 2835 ¹¹⁰
193 2803 292 2848 1‘589-
309 2803 399 2837 l‘mei'
425 2804 609 2839 Tutricem
628 2832 638 2846 ,
666 2806 697 2842 &
717 2806 919 2842 Sodalitiuin
945 2817 1011 2840 non
1038 2803 1242 2841 substineri;
1268 2800 1518 2847 disputantnon
1531 2805 1586 2847 te·-

265 2852 429 2890 Toni-XX.
1000 2852 1037 2889 D
1062 2861 1082 2885 2
1464 2854 1539 2880 ΜΠ
