1977 3028
1546 121 1567 145 2

122 160 202 192 ,oum
219 147 436 182 Bisontiuum
456 171 467 185 ‚
487 146 540 181 sed
551 156 628 183 eum
643 145 825 196 Geor-gens
840 149 1036 186 franciscus
1048 162 1066 185 a
1077 146 1180 186 Patre
1198 161 1392 194 metueret,
1411 154 1528 193 literas
1544 124 1589 193 iii

123 196 171 229 las
195 195 401 239 supprimere
431 193 551 229 maluit
566 221 577 235 ,
601 204 681 238 quas
698 221 707 233 ‚
731 197 862 232 etiamsi
879 197 1160 245 Archiepiscopo
1174 200 1378 242 obtulisset,
1403 204 1434 237 δι
1450 214 1583 242 metum

119 240 317 287 deposuisset
341 250 544 288 paternum,
577 240 716 277 inutiles
730 245 899 292 agnovit,
927 249 1013 294 quod
1038 245 1071 280 ei
1091 244 1220 283 deeffet
1245 250 1389 295 pecunia
1412 250 1455 286 ad
1478 252 1581 289 litem

122 299 137 320 a
163 291 283 324 endam
299 317 307 325 .

74 300 193 371 Morgte
218 336 350 371 tandem
369 335 469 371 obita
495 347 513 370 a
530 337 629 374 Patre
643 340 703 376 die
724 349 752 374 1.
769 339 915 385 Augusti
932 351 1024 376 anno
1039 351 1139 389 ¹750·
1163 343 1269 379 rediit
1292 343 1416 380 iterum
1442 348 1481 381 ad
1507 346 1577 385 hoc

118 383 258 418 Sacrum
276 383 449 418 Tribunal
463 407 474 421 ‚
504 396 521 418 a
537 396 607 430 quo
624 389 776 422 mandata
797 385 859 421 fuit
875 386 1060 428 jurisdictio
1076 390 1357 437 Arcbiepiscopo
1371 392 1549 428 Bisuntino
1562 422 1575 436 ,

120 439 156 464 ut
179 429 346 476 processus
372 430 548 471 judicialis
566 433 691 469 confici
720 432 823 477 posset
838 461 845 469 .
872 434 962 468 Rem
981 435 1266 482 Archiepiscopus
1294 439 1466 474 mandavit
1483 441 1573 477 Ρη-

120 478 230 523 posito
243 476 446 522 Collegiatae
470 478 627 517 Ecciefiae
641 484 673 517 S.
691 481 849 516 Mauritii
866 480 1040 517 Civitatis
1055 484 1232 520 Salinenfis
1245 511 1256 524 ‚
1268 497 1287 520 a
1302 497 1368 531 quo
1381 487 1487 522 auditi
1502 488 1572 525 fue-

119 534 200 560 runt
218 524 475 570 quatuordecim
492 524 609 562 Testes
623 553 631 561 .
655 529 703 564 Ex
718 529 839 563 horum
854 528 950 563 dietis
965 531 1159 576 excepimus
1176 543 1234 566 nes
1250 557 1261 571 ,
1283 544 1355 577 quae
1370 533 1464 578 supra
1478 545 1511 569 re
1519 545 1569 571 tu·

118 571 215 606 limus
229 597 236 605 .
260 569 403 606 Censuit
417 570 614 619 Fraepofitus
638 575 768 620 probari
795 583 924 610 metum
945 576 1125 613 cadentem
1147 578 1183 613 in
1211 578 1324 615 virum
1338 580 1566 624 constantem,

116 630 159 654 ex
172 630 236 662 quo
249 617 424 663 Georgeus
442 619 637 656 Franciscus
650 623 916 660 Subdiaconatus
932 624 1097 661 Ordinem
1109 625 1275 672 suscipere
1290 628 1421 662 coactus
1439 627 1540 664 fuerit
1558 653 1570 666 .

114 664 301 701 Processum
329 664 507 704 transmisit
519 668 806 716 Archiepiscopus
820 696 830 708 ‚
850 671 908 717 qui
924 671 1012 706 idem
1025 672 1155 708 censuit
1172 700 1182 713 ,
1208 674 1371 720 additque
1384 676 1564 713 Matrem-⁴

112 711 267 758 Georgei
281 711 451 747 Francisci
467 739 476 751 ,
491 721 526 748 ut
541 715 689 752 defuncti
703 716 858 763 coniugis
872 716 967 753 famae
980 717 1090 754 forsan
1103 720 1294 756 consuleret
1308 747 1318 760 ,
1331 722 1402 756 vim
1415 732 1562 758 metum-

112 772 178 807 que
192 759 268 794 filio
291 759 424 794 illatum
439 758 537 794 fateri
551 762 694 799 noluiss‘e
708 789 719 800 .
742 764 856 800 Causa
868 776 960 800 nunc
971 767 1177 813 proponitur
1192 794 1202 808 ‚
1223 767 1434 815 postulatque
1445 769 1562 805 Geor-

110 817 192 852 geus
206 806 496 852 dispensationem
522 820 539 843 a
558 819 642 844 voto
667 812 909 851 continentiae,
935 814 1025 859 quod
1051 815 1179 850 invitus
1197 842 1206 856 ‚
1232 825 1389 863 metuque
1418 818 1562 854 Paterno

108 855 246 889 coactus
265 854 527 890 Subdiaconatus
542 856 708 893 Ordinem
734 859 912 905 susceperit
929 884 938 893 .
967 859 1070 901 Vim,
1096 871 1293 907 metumque
1315 865 1439 910 probat
1462 865 1562 902 dietis

107 899 252 936 illorum
266 900 400 936 testium
418 901 586 946 ‚disputat
600 914 715 940 autem
731 905 900 941 silentium
917 915 967 941 tot
982 918 1146 945 annorum
1160 921 1268 956 neque
1282 911 1561 949 ratihabitionem

108 947 267 984 inducere
291 947 431 993 potuisse
444 974 452 986 ‚
478 960 584 995 neque
610 952 744 988 officere
757 951 842 997 posse
856 952 1125 1000 dispensationi,
1155 966 1224 991 tum
1238 959 1318 1002 quia
1335 958 1404 1004 ipse
1421 958 1561 995 Sacrum

108 996 175 1031 hoc
191 994 361 1030 Tribunal
378 995 462 1029 adiit
474 997 580 1042 paulo
602 999 676 1044 post
689 1000 854 1035 Ordinem
874 1000 1063 1046 susceptum
1079 1028 1089 1042 ‚
1117 1013 1190 1039 tum
1206 1005 1286 1050 quia
1314 1005 1453 1040 durabat
1474 1007 1559 1043 vivo

106 1042 209 1078 Patre
223 1041 321 1079 causa
343 1050 475 1081 metus,
502 1052 570 1079 tum
584 1046 664 1092 quia
694 1047 843 1091 pecunia:
867 1046 1095 1087 deficiebant.
1120 1049 1347 1085 perseverasse
1373 1053 1408 1085 in
1439 1052 1559 1088 eadem

105 1089 280 1124 voluntate
303 1091 468 1124 contraria
483 1091 587 1126 etiam
612 1095 687 1139 post
709 1094 899 1140 susceptum
927 1095 1100 1132 Ordinem
1127 1096 1225 1132 facile
1247 1097 1335 1142 posse
1366 1097 1516 1144 dignosci
1545 1127 1556 1141 ‚

102 1143 177 1172 tum
193 1136 273 1183 quia
298 1136 334 1171 in
347 1136 480 1173 Ordine
496 1137 644 1183 suscepto
658 1152 841 1186 numquam
866 1141 1098 1182 ministravit,
1129 1153 1202 1179 tum
1232 1145 1312 1191 quia
1338 1145 1382 1180 ad
1408 1146 1556 1183 Ordines

103 1181 291 1230 superiores
306 1194 485 1229 numquam
505 1186 613 1222 voluit
641 1188 822 1224 ascendere
838 1210 849 1226 0
875 1189 957 1227 ch
969 1191 1146 1238 Georgeus
1170 1192 1367 1229 Franciscus
1383 1219 1393 1233 .
1415 1194 1452 1230 A
1478 1202 1555 1233 De·

100 1231 232 1274 fensore
256 1233 392 1268 Ordinis
421 1231 508 1267 nihil
534 1232 729 1272 habuimus.
750 1235 987 1274 Dubiumest,

56 1276 170 1321 {Atzfit
183 1280 278 1315 locus
293 1278 533 1325 dispensationi
551 1282 656 1328 sitper
674 1293 756 1319 voto
771 1286 983 1322 continentiae
999 1289 1033 1322 in
1047 1287 1122 1332 casu
1135 1290 1211 1326 &a

149 1370 275 1410 Dilata
288 1397 299 1413 ,
326 1371 358 1410 ἃ
377 1369 501 1411 scribat
517 1371 686 1417 Defensor
703 1376 845 1419 Ordinis
859 1402 870 1417 0

161 1517 370 1571 ARNIEN.
401 1520 550 1575 Erectum
569 1524 632 1562 suit
645 1539 735 1565 anno
753 1536 852 1571 1642.
867 1542 886 1565 a
906 1530 976 1577 piis
991 1531 1188 1579 quibusdam
1201 1532 1402 1569 hominibus
1426 1534 1458 1570 in
1475 1533 1552 1579 Op·
1598 1546 1735 1594 50ffi25'·
1751 1559 1869 1601 044,

123 1611 145 1617 ..
170 1567 252 1618 pido
266 1566 457 1618 Stronconii
486 1571 681 1610 Narniensis
706 1578 903 1614 Dioeceseos
932 1579 1135 1617 Sodalitium
1159 1582 1324 1627 suffragii
1340 1607 1350 1620 ‚
1378 1583 1410 1616 ὃ(
1436 1581 1552 1626 <illia-2
1596 1597 1634 1631 ae
1651 1597 1722 1642 Rffi

94 1622 145 1657 pii
166 1613 220 1664 illi
243 1613 396 1649 homines
422 1619 543 1661 partim
565 1621 762 1659 Parochiani
777 1636 872 1660 erant
891 1625 1048 1664 Ecclesiae
1062 1631 1081 1663 S
1107 1628 1294 1664 Michaelis
1313 1626 1553 1675 Archangeli,

95 1658 390 1712 partim-Ecclesiae
414 1665 446 1696 S.
461 1664 626 1708 Nicolai,
653 1683 725 1716 quae
748 1671 822 1707 duae
846 1672 921 1707 sunt
950 1674 984 1707 in
1015 1675 1078 1711 illo
1102 1676 1239 1721 Oppido
1257 1676 1476 1712 parochiales
1491 1702 1500 1714 ‚
1518 1676 1551 1709 &

92 1705 295 1760 Collegiatae
310 1707 463 1744 Eccleslae
476 1735 487 1749 ‚
512 1713 591 1748 hinc
603 1716 732 1758 placuit
746 1730 780 1753 in
794 1730 933 1765 utraque
946 1721 1092 1757 Ecclefia
1106 1724 1309 1759 erectionem
1331 1722 1404 1759 fieri
1420 1751 1430 1765 ‚
1457 1723 1552 1758 scili-

90 1762 146 1787 cet
162 1762 179 1791 2'
195 1763 233 1790 ut
252 1766 284 1789 in
303 1754 447 1791 Ecclesia
462 1758 493 1792 S.
510 1759 692 1799 Michaelis
705 1791 715 1803 ‚
744 1777 815 1811 quse
829 1776 939 1802 mater
969 1768 1014 1803 est
1031 1796 1040 1809 ,
1062 1771 1093 1804 &
1119 1770 1274 1816 dignior,
1299 1772 1426 1807 erectio
1455 1768 1550 1805 fieret

90 1800 133 1835 ad
148 1802 271 1837 Altare
286 1801 483 1840 Beatiffimae
499 1806 650 1853 Virginis
669 1814 818 1857 Rofizrii.
846 1815 881 1849 in
897 1814 1042 1850 Ecclesia
1058 1828 1139 1851 vero
1153 1818 1173 1850 S
1201 1818 1345 1853 Nicolai
1371 1819 1410 1851 ad
1427 1819 1549 1852 Altare

89 1850 298 1899 SanIffimae
318 1857 608 1890 annunciationis
623 1881 633 1894 ‚
660 1860 691 1892 8<
706 1869 938 1895 convenerunt
965 1872 1004 1896 ut
1018 1863 1158 1897 Sodales
1182 1889 1192 1903 ,
1220 1865 1253 1898 &
1270 1863 1434 1899 sodalitii
1462 1863 1551 1898 Offi-

87 1894 192 1929 ciales
205 1906 241 1930 in
258 1895 354 1932 illam
370 1898 548 1935 Ecclesiam
564 1905 816 1947 convenirent,
843 1909 928 1941 dove
951 1909 975 1942 l’
988 1910 1102 1953 Offizio
1116 1912 1280 1955 generale
1296 1936 1306 1950 ‚
1339 1927 1356 1946 o
1386 1912 1551 1953 Trentesi-

92 1954 145 1978 mo
179 1956 190 1977 z
216 1943 392 1996 celebrer-d
409 1973 426 1998 ,ι
444 1957 545 1994 atque
563 1949 609 1984 ita
629 1963 826 1999 unoquoque
849 1953 965 1989 mense
994 1954 1159 1991 Officium
1185 1958 1342 2004 generale
1368 1970 1457 1993 nunc
1483 1958 1550 1994 iii-³

89 2000 156 2025 una
173 2015 192 2042 ,ὓ
216 1996 306 2027 nunc
331 2003 364 2027 in
381 1993 449 2029 alia
465 1995 609 2032 Ecclesia
624 2024 632 2036 ‚
657 2000 789 2035 sei-vata
804 1999 1018 2037 izlternati'va
1035 2028 1045 2042 ,
1069 2004 1177 2039 aetum
1199 2004 1287 2043 fu1t3
1314 2005 1476 2040 Officium
1489 2018 1550 2042 ve-

87 2047 126 2071 ro
149 2039 291 2085 triginta
310 2040 484 2076 Sacrorum
500 2069 509 2082 ,
532 2048 621 2089 quod
639 2057 760 2082 vocant
778 2048 974 2092 Trentesimo
993 2075 1002 2089 ,
1024 2049 1058 2083 in
1071 2051 1167 2085 obitu
1196 2052 1341 2093 alicuius
1355 2052 1486 2088 Sodalis
1514 2054 1550 2089 in

89 2094 130 2119 ea
143 2087 251 2121 anum
267 2086 333 2123 fuit
347 2087 494 2124 Ecclesia
508 2115 518 2129 ,
534 2091 641 2137 inqua
657 2106 778 2138 corpus
794 2095 948 2131 defuncti
962 2097 1088 2132 Sodalis
1102 2099 1337 2135 condiendum
1350 2108 1421 2135 erat
1440 2127 1446 2135 .
1465 2101 1548 2135 Mo·-

90 2141 159 2165 rem
173 2132 271 2172 hunc,
287 2135 318 2169 &
331 2136 580 2173 alternativam
595 2141 758 2183 probavit
775 2141 955 2189 Episcopus
969 2143 1001 2177 in
1018 2144 1214 2181 visitatione
1236 2148 1308 2182 acta
1324 2158 1414 2181 anno
1436 2151 1548 2194 ¹667„

88 2178 306 2231 decrevitque
323 2208 333 2221 ,
364 2191 399 2216 ut
415 2184 585 2227 utriusque
602 2186 752 2224 Ecclefiae
774 2189 948 2226 Canonici
963 2218 972 2231 ‚
987 2191 1019 2225 &
1040 2192 1236 2240 Presbyteri
1253 2195 1344 2241 leges
1359 2194 1457 2230 hasce
1474 2220 1483 2233 ,
1513 2196 1548 2230 ὅ(

86 2223 250 2270 Capitula
267 2229 422 2264 Sodalitii
442 2231 473 2265 in
489 2231 623 2268 Officiis
637 2239 772 2279 agendis
791 2237 982 2276 servarent,
1010 2239 1043 2274 3<
1065 2241 1135 2274 haec
1164 2243 1382 2277 alternatim
1403 2241 1446 2277 ad
1476 2243 1548 2278 haec

86 2271 188 2318 usque
204 2282 356 2321 tempora
372 2288 536 2325 perpetuo
550 2279 681 2318 servata
702 2282 765 2317 suit
779 2311 789 2324 ,
808 2285 891 2321 licet
906 2297 997 2321 anno
1018 2292 1119 2326 1670.
1135 2290 1329 2324 exaustum
1346 2288 1452 2325 fuerit
1479 2289 1546 2325 iil-..e

81 2317 230 2399 {eclesia
254 2323 366 2360 Sancti
402 2325 545 2362 Nicolai
572 2329 698 2364 Altare
724 2329 888 2377 specialis
913 2332 1008 2368 tituli
1039 2360 1050 2374 ,
1077 2337 1109 2370 &
1138 2336 1288 2371 nominis
1312 2340 1544 2371 Animarum,

106 2372 316 2413 ’urgantisfm
346 2395 358 2407 .

38 2410 302 2465 Vetustiiiimam
327 2418 413 2454 hanc
438 2421 547 2469 legem
575 2422 787 2462 fundationis
812 2453 821 2467 ,
854 2429 887 2463 8<
912 2437 1076 2474 perpetuo
1101 2428 1319 2467 observatam
1354 2430 1545 2468 consuetu-

79 2458 196 2513 dine-m
234 2465 352 2506 agendi
390 2469 592 2507 alternatim
628 2473 754 2508 (jfficia
798 2475 835 2509 in
867 2484 1008 2522 turaque
1035 2476 1180 2512 Ecclesia
1219 2480 1407 2515 turbarunt
1435 2488 1547 2524 nuper

76 2508 236 2555 plerique
251 2510 393 2548 sodales
412 2513 615 2553 parochiani
634 2519 787 2557 Ecclefiae
805 2523 837 2557 S.
854 2523 995 2558 Nicolai
1008 2550 1016 2558 .
1046 2525 1136 2560 Cum
1150 2525 1242 2559 enim
1262 2538 1349 2560 anno
1364 2535 1465 2578 1750.
1482 2538 1548 2558 un-

73 2556 256 2609 petraffent
270 2585 279 2600 ‚
308 2569 344 2611 ut
360 2560 468 2599 altare
484 2590 495 2603 ‚
524 2567 618 2613 quod
635 2568 785 2604 diximus
800 2571 1026 2605 construetum
1045 2571 1142 2606 fuisse
1156 2583 1245 2607 anno
1266 2577 1361 2618 1670.
1382 2584 1418 2607 in
1432 2571 1549 2607 Eccle-

76 2600 123 2636 fia
135 2602 167 2637 S.
185 2605 325 2641 Nicolai
346 2634 356 2646 ‚
377 2611 655 2656 privilegi-itum
672 2614 751 2650 esset
768 2628 826 2663 pro
842 2617 989 2663 triginta
1007 2619 1117 2654 Sacris
1133 2645 1142 2658 ,
1156 2618 1213 2654 seu
1230 2619 1426 2662 Trentcfimo
1442 2646 1451 2659 ‚
1470 2620 1549 2653 hinc

73 2646 260 2686 statuerunt
280 2663 347 2688 tam
361 2654 448 2688 sacra
468 2657 530 2693 illa
551 2660 712 2705 triginta,
739 2676 812 2709 quae
829 2664 959 2710 pridem
980 2666 1176 2710 agebantur
1203 2666 1239 2701 in
1263 2678 1303 2701 ea
1320 2666 1466 2701 Ecclesia
1481 2692 1491 2704 ‚
1515 2667 1551 2701 in

77 2697 308 2747 quatlefunffi
323 2701 455 2736 Sodali}
471 2717 596 2752 corpux
612 2709 849 2746 tumulabatur
865 2736 874 2750 ‚
903 2723 1005 2758 quam
1026 2713 1192 2749 Officium
1225 2714 1385 2759 generale
1414 2713 1549 2760 agenda

77 2740 192 2779 essem
205 2745 359 2828 ET⁰C¹es¹³
381 2750 408 2784 S.
430 2751 573 2790 Nicolai
600 2754 644 2792 ad
680 2757 766 2792 illud
785 2759 917 2795 Altare
942 2762 1214 2808 privilegiatum
1242 2761 1449 2798 Animarum
1465 2760 1551 2793 Pur·

249 2803 345 2831 om.X
354 2801 408 2833 XI.
996 2808 1035 2843 D
1414 2817 1505 2854 3³¹¹·
