1956 3017
389 122 433 150 20‘

335 162 380 200 ll.
407 170 463 197 μή]
480 162 601 196 mlius
616 162 729 194 nolens
748 159 916 196 clericare
930 164 1123 203 perventus
1144 158 1186 191 αιῖ
1202 163 1337 191 ΜΔΝ-η)
1355 156 1488 202 viginti
1500 166 1662 194 annorum
1673 158 1864 206 poffitper...

522 207 776 254 ciperefrucsc‘us
802 209 863 241 'Pii
878 207 992 239 relidi
1009 230 1019 243 ,
1045 207 1083 239 cle
1098 215 1162 249 quo
1177 206 1295 250 agitur
1309 202 1434 250 absque
1454 217 1492 240 eo
1506 228 1518 243 ,
1542 206 1630 252 quod
1643 214 1805 243 teneatur
1823 207 1867 241 ad

522 256 758 292 recitationem
783 255 909 290 Divini
926 252 1031 296 Officii
1050 256 1084 289 in
1103 251 1177 295 casa
1205 256 1279 288 effic.

437 347 1010 386 RBINATENAERECTIONIS
1033 343 1425 383 CANONICATUS:
1452 345 1697 388 Testamento,
1723 358 1791 395 quo
1803 346 1862 381 de-

452 399 541 433 ceffit
562 410 649 432 anno
679 397 778 441 1683.
797 397 920 430 Comes
936 395 1073 429 Giudus
1095 392 1251 429 Ubaldus
1265 392 1409 428 Paciotti
1424 393 1574 429 Urbinas
1588 396 1750 430 haeredem
1770 394 1862 430 scri-

382 446 443 494 psit
457 447 621 481 Caroluin
634 445 850 479 Eniauuelem
867 442 992 476 Fratris
1008 441 1117 476 filium
1130 466 1140 480 ,
1154 439 1254 486 eique
1280 440 1446 475 iubstituit
1465 440 1553 477 filios
1571 442 1734 477 masculos
1757 442 1792 476 in
1808 441 1862 475 in·

383 495 544 532 finitum,
570 493 721 528 foeminis
748 491 873 534 semper
888 489 1051 525 exclusis:
1077 489 1184 524 Linea
1198 498 1282 522 vero
1309 487 1494 523 masculina
1519 488 1666 529 defecta,
1691 488 1860 524 substituit

386 541 593 577 Sodalitium
609 541 731 573 Sanetae
745 536 867 572 Mariae
883 536 1122 571 Misericordice
1134 534 1230 569 Plani
1246 534 1418 570 Mercatus
1436 535 1583 577 Urbini,
1608 537 1662 571 his
1678 547 1791 571 tamen
1805 537 1862 569 ad-

387 589 479 632 jectis
501 589 664 622 oneribus
679 613 701 627 „
726 585 801 619 Che
825 584 834 618 i
852 584 987 629 Signori
1010 583 1150 618 Rettori
1179 582 1338 618 debbano
1356 583 1390 616 in
1415 583 1492 629 quel
1509 593 1625 628 tempo
1642 586 1689 618 far
1703 586 1862 630 eriggere

337 663 360 678 0,
387 649 432 671 un
449 634 666 670 Canonicato
681 660 690 674 ,
717 633 778 668 che
797 630 839 666 sia
856 631 892 665 di
908 630 1013 666 Massa
1028 631 1087 665 del
1102 629 1188 665 Rev.
1206 629 1371 676 Capitolo
1387 629 1422 665 d’
1447 630 1574 666 Urbino
1587 658 1596 670 ‚
1624 633 1761 667 dandoli
1778 628 1861 677 quel

340 711 366 728 „
390 681 554 727 Capitale
571 708 580 720 ‚
604 694 625 717 o
640 689 772 716 entrata
788 706 797 718 ‚
822 680 884 714 che
901 679 1176 713 concorderanno
1191 703 1200 715 ‚
1224 688 1242 710 e
1259 677 1320 711 che
1340 676 1363 711 l³
1382 678 1555 713 elezzione
1570 678 1601 711 d’
1615 678 1682 714 effo
1695 677 1861 713 Canoni-

340 759 365 772 „
390 740 466 765 cato
490 729 592 775 spetti
609 741 627 764 a
653 727 819 762 medesimi
841 725 971 770 Signori
989 724 1133 760 Rettori
1155 724 1243 758 della
1258 723 1522 760 Confraternita
1546 727 1610 762 &c.
1634 728 1686 762 Di
1711 725 1773 774 piu
1791 737 1859 760 vo·-

338 805 362 819 ‚‚
387 778 482 824 glio,
509 776 610 811 cheli
630 774 802 809 medesimi
827 772 1012 817 eleggltino
1028 783 1070 805 un
1096 770 1327 806 Manfionario
1355 782 1411 815 per
1431 774 1522 806 detta
1539 773 1734 809 Cattedrale
1759 784 1859 808 con...

338 852 362 866 „
388 824 471 860 darii
488 824 519 856 la
542 821 738 858 Provisione
753 847 762 859 ,
789 821 850 854 che
865 820 976 854 hanno
991 819 1095 858 altri,
1118 819 1157 853 ed
1172 818 1389 866 appoggiarli
1407 818 1431 853 il
1449 821 1529 864 peso
1544 844 1554 857 ‚
1578 822 1618 856 ed
1631 822 1769 867 obligo,
1793 820 1858 856 che

338 899 361 914 ‚‚
388 880 562 906 averanno
577 870 624 916 gl'
641 870 722 904 altri
737 867 941 909 Manlionarj
956 868 1021 902 ἃς.
1047 866 1175 911 Voglio
1191 866 1296 900 anche
1320 865 1454 901 faccino
1472 878 1516 900 un
1546 865 1746 903 Chierieato
1774 868 1858 902 nell'

337 947 361 962 ‚‚
388 917 492 954 istessb
508 915 786 952 Arcivescovado
801 941 810 954 ,
835 915 899 951 che
925 926 1005 959 pare
1019 926 1037 948 a
1061 924 1114 949 rne
1131 912 1197 947 sara
1212 912 1236 948 il
1251 913 1395 960 quinto,
1421 914 1454 948 al
1469 914 1571 959 quale
1583 926 1694 961 venga
1709 913 1861 961 affegna-

388 976 421 1001 ta
444 974 537 1000 tanta
557 963 745 1011 provisione
760 988 770 1001 ‚
796 970 920 1007 quanta
936 964 1049 996 hanno
1071 960 1119 1006 gl’
1135 960 1240 1000 altri,
1268 961 1331 995 che
1358 961 1451 995 tiene
1469 961 1493 996 il
1508 960 1601 997 Rev.
1614 961 1778 1007 Capitolo
1798 989 1805 997 .
1833 988 1857 1003 „

385 1013 527 1049 Defecit
550 1023 638 1047 anno
658 1022 755 1056 1744.
776 1009 868 1043 linea
892 1009 1074 1043 masculina
1096 1007 1216 1042 Caroli
1232 1007 1425 1042 Emanuelis
1441 1009 1577 1044 haeredis
1595 1009 1733 1055 scripti,
1763 1008 1857 1045 ideo-

384 1074 451 1106 que
470 1087 478 1099 ,
505 1071 581 1095 cum
607 1057 763 1093 evenerit
777 1055 869 1090 casus
894 1055 1141 1091 substitutionis
1160 1081 1168 1094 ‚
1194 1055 1373 1090 haeredi'tas
1400 1054 1497 1090 Com.
1522 1055 1630 1091 Guidi
1650 1056 1858 1092 Ubaldide-

385 1109 456 1143 lata
472 1106 537 1141 suit
561 1105 600 1141 ad
622 1104 819 1140 Sodalitium
836 1102 1051 1148 substitutum
1071 1127 1080 1140 ,
1104 1101 1377 1148 dii'punc‘tisquea
1399 1102 1522 1137 Peritis
1538 1104 1728 1139 rationibus
1747 1104 1857 1140 haere-

385 1153 541 1192 ditariis,
566 1161 778 1198 compertum
804 1149 849 1184 est
874 1163 948 1185 eam
971 1149 1034 1185 esse
1061 1150 1144 1185 scut.
1171 1151 1297 1188 22630.
1325 1160 1369 1189 31.
1390 1149 1575 1186 Ducalium
1599 1149 1724 1186 Urbini
1749 1153 1858 1188 nvllis

376 1203 522 1249 prorsus
534 1201 714 1247 fishjeblam
740 1198 866 1236 debitis
881 1223 890 1235 ‚
916 1197 1018 1234 uthis
1042 1197 1158 1232 verbis
1185 1195 1287 1231 refert
1302 1196 1589 1241 Archiepiscopus
1605 1223 1612 1231 .
1639 1199 1766 1234 Omnia
1783 1198 1858 1244 igi-

385 1258 441 1283 tur
457 1258 576 1295 parata
600 1247 823 1284 videbantur,
850 1255 885 1279 ut
903 1244 1022 1280 fierent
1047 1244 1232 1279 erectiones
1247 1270 1256 1282 ,
1282 1255 1362 1290 quas
1389 1244 1498 1279 voluit
1513 1243 1676 1280 Testatur
1691 1272 1700 1285 ,
1727 1246 1781 1280 sed
1803 1257 1861 1280 re·

382 1305 513 1331 nuente
532 1323 541 1336 ,
567 1296 598 1330 &
617 1306 726 1330 moras
750 1294 903 1329 nectentc
920 1292 1083 1340 Capitulo
1096 1317 1106 1330 ‚
1131 1291 1330 1326 sodalitium
1345 1290 1446 1326 satius
1469 1291 1619 1327 duxitad
1638 1293 1703 1327 hoc
1715 1293 1856 1328 Sacrum

385 1343 504 1378 venire
536 1343 723 1381 Tubunas,
751 1341 930 1387 auditoque
946 1368 955 1382 ‚
980 1351 1017 1376 ut
1041 1339 1143 1376 moris
1169 1338 1235 1379 cst,
1262 1337 1538 1384 Archiepiscopo
1556 1365 1565 1380 ,
1592 1351 1650 1386 qui
1673 1339 1857 1376 secundum

382 1390 585 1426 sodalitium
599 1389 770 1435 respondit
787 1415 795 1427 ,
822 1388 930 1423 Causa
955 1387 1161 1436 proponitur
1176 1415 1184 1424 .

334 1439 554 1485 Exceptiones
571 1437 726 1482 Capituli
754 1437 853 1476 sunt,
880 1440 968 1482 quod
986 1439 1071 1472 bona
1087 1464 1095 1476 ‚
1123 1448 1196 1483 quae
1211 1436 1246 1472 in
1270 1437 1383 1472 dotem
1408 1437 1494 1471 tradi
1516 1438 1640 1471 debent
1657 1462 1666 1476 ,
1695 1435 1853 1481 pluribus

380 1485 584 1532 hypothecis
605 1484 759 1519 obnoxia
773 1483 858 1521 sint,
884 1496 959 1518 cum
983 1496 1094 1531 neque
1109 1495 1150 1518 ces
1174 1485 1323 1519 alienum
1342 1484 1464 1520 scutor.
1480 1490 1581 1528 2586.
1602 1486 1660 1520 6⁶.
1687 1493 1857 1521 monete,-

382 1533 512 1568 U1·l:ini
528 1560 538 1573 ‚
563 1544 631 1579 quo
653 1541 816 1578 gravatur
830 1531 1037 1572 hereditas,
1062 1531 1321 1577 expunctumsit
1337 1559 1345 1572 ‚
1372 1544 1481 1579 neque
1505 1531 1625 1566 saelum
1643 1533 1744 1568 tuerit
1766 1531 1856 1566 mul-

381 1581 536 1626 tiplicum
556 1607 565 1620 ,
592 1580 679 1626 quod
693 1591 734 1614 ex
761 1579 944 1613 molendini
961 1580 1143 1614 redditibus
1171 1578 1356 1615 faciendum
1371 1580 1528 1615 statuerat
1547 1579 1707 1614 Testator
1729 1601 1736 1611 ·
1766 1579 1853 1614 Fir-

383 1628 543 1662 manclum
558 1627 667 1673 itaque
686 1627 773 1672 prius
789 1625 851 1660 csse
876 1626 1028 1673 legitime
1041 1627 1161 1662 statum
1174 1627 1427 1663 haereditarium
1446 1651 1456 1666 ,
1481 1626 1558 1661 inde
1579 1624 1775 1672 erigendum
1789 1626 1855 1663 effe

382 1675 654 1714 Canonicatum,
680 1685 783 1720 quem
807 1684 918 1709 tamen
942 1675 1026 1720 erigi
1053 1683 1173 1712 vetat,
1199 1674 1258 1710 nisi
1280 1675 1328 1711 hae
1345 1700 1355 1714 ‚
1379 1687 1452 1723 quae
1468 1673 1653 1720 sequuntur
1673 1674 1761 1718 leges
1785 1701 1795 1715 ,
1821 1676 1856 1709 δε

380 1722 591 1757 conditiones
607 1722 642 1756 in
661 1721 732 1767 ipso
753 1721 933 1756 erectionis
948 1723 1020 1756 aEtu
1037 1721 1246 1764 adjiciantur
1260 1750 1267 1757 .
1297 1725 1418 1758 Prima
1434 1720 1478 1757 est
1494 1748 1504 1761 ,
1531 1729 1568 1756 ut
1580 1732 1691 1757 novus
1705 1720 1858 1757 Canoni-

379 1782 436 1805 cus
451 1770 610 1804 oneribus
638 1768 818 1807 omnibus,
845 1767 911 1803 sive
939 1769 1186 1815 personalibus,
1216 1768 1282 1804 sive
1299 1768 1445 1804 realibus
1463 1768 1624 1810 subjeClus
1643 1768 1701 1803 stt:
1730 1775 1857 1805 Secun-

379 1821 420 1853 da
438 1844 446 1857 ,
471 1827 508 1851 ut
531 1818 568 1851 ad
586 1816 784 1851 Decanatus
814 1816 1016 1861 dignitatem
1029 1816 1205 1862 pervenire
1232 1828 1414 1863 numquam
1434 1816 1552 1860 potiit:
1580 1819 1694 1852 Tertia
1709 1841 1719 1855 ,
1742 1826 1779 1851 ut
1793 1819 1856 1851 ad-

379 1865 474 1899 mitti
491 1872 638 1909 nequeat
652 1863 696 1898 ad
718 1874 861 1897 annuam
876 1862 1071 1898 Penfionem
1088 1864 1169 1899 scut.
1190 1874 1243 1905 50.
1256 1890 1267 1904 ‚
1292 1875 1391 1910 quam
1406 1863 1570 1899 Clemens
1585 1861 1650 1899 Xi.
1666 1862 1830 1910 Optimus
1845 1889 1858 1903 ,

379 1911 621 1957 Maximusque
644 1911 803 1954 Princeps
827 1910 1021 1956 quindecim
1047 1910 1257 1950 Canonicis,
1282 1912 1340 1957 qui
1354 1914 1598 1948 Antianitatis
1625 1920 1855 1958 praerogativa

377 1959 554 2005 praestant,
581 1958 725 2003 largitur
746 1958 813 1991 est:
840 1963 977 2005 Quarta
997 1985 1007 1998 ,
1035 1967 1072 1993 ut
1089 1959 1295 1994 Sodalitium
1312 1958 1377 1994 sese
1402 1957 1596 2004 obligatum
1618 1958 1704 1995 velit
1729 1958 1771 1994 ad
1790 1959 1857 1993 do-

376 2015 445 2040 tem
467 2005 699 2039 Canonicatus
715 2008 901 2049 augendam
913 2031 924 2044 ,
952 2007 1084 2051 quoties
1099 2007 1211 2052 legata
1228 2006 1343 2043 Maffoe
1359 2006 1495 2046 relicta,
1521 2017 1664 2053 quorum
1681 2008 1765 2040 bona
1782 2005 1854 2047 jure

375 2052 577 2088 ususfrussus
603 2052 644 2086 ab
661 2050 737 2086 aliis
762 2054 956 2087 detinentur
971 2079 979 2092 ,
1007 2065 1082 2087 cum
1110 2056 1222 2087 eadem
1240 2052 1347 2088 Maffa
1363 2052 1615 2089 consolidentur
1631 2078 1642 2091 ,
1671 2053 1829 2098 idemque
1843 2079 1854 2095 ‚

376 2100 434 2135 ubi
457 2100 571 2134 futuro
596 2109 746 2144 tempore
767 2100 879 2146 legata
893 2099 1156 2146 relinquantur,
1186 2099 1250 2135 effe
1275 2100 1497 2136 servandum.
1525 2099 1670 2135 Censuit
1698 2101 1854 2135 Archiea

375 2147 529 2193 piscopus
547 2173 557 2186 ,
581 2146 674 2188 cujus
690 2147 840 2182 rationes
857 2147 977 2183 libello
1001 2147 1061 2183 suo
1081 2147 1241 2182 substinet
1262 2146 1475 2182 Sodalitium
1493 2173 1502 2187 ,
1528 2145 1649 2182 statum
1674 2147 1850 2182 haeredita-

373 2197 417 2230 tis
446 2195 577 2240 optime
611 2193 832 2229 constitutum
855 2194 973 2230 fuiffe:
999 2193 1059 2230 AEs
1083 2194 1232 2231 alienum
1258 2194 1338 2230 scut.
1363 2195 1467 2236 2586.
1479 2198 1537 2230 66.
1558 2205 1625 2229 non
1649 2192 1712 2229 effe
1734 2195 1852 2230 haere—

372 2242 494 2277 ditatis
512 2240 617 2276 Guidi
644 2240 771 2275 Ubaldi
790 2268 798 2280 ,
825 2242 878 2276 sed
907 2241 1074 2279 Friderici
1097 2269 1107 2284 ,
1144 2243 1175 2278 &
1200 2242 1320 2277 Caroli
1343 2241 1536 2279 Emaauelis
1558 2242 1657 2288 primi
1686 2242 1844 2277 haeredia:

372 2289 611 2334 multiplicum
633 2298 701 2323 non
724 2287 1021 2332 fuiffeinjunecum
1045 2289 1213 2324 Sodalitio
1231 2289 1368 2325 adeunti
1389 2290 1620 2325 haereditatem
1643 2287 1846 2327 testatoris,

372 2337 479 2383 idque
501 2335 645 2381 colligi,
674 2335 755 2381 quia
779 2336 1011 2381 multiplicum
1032 2338 1152 2372 cedere
1165 2335 1307 2373 debebat
1321 2337 1565 2372 inutilitatem
1579 2335 1727 2381 priorum
1740 2336 1841 2370 haere-

371 2385 448 2417 dum
465 2409 473 2422 ,
499 2383 555 2428 qui
582 2383 763 2417 necessario
787 2382 912 2418 defecti
933 2383 1195 2430 supponuntur,
1221 2395 1298 2420 cum
1319 2384 1361 2418 ad
1385 2383 1589 2419 Sodalitium
1612 2384 1783 2419 haereditas
1798 2392 1842 2417 ex

371 2430 603 2465 substitutione
616 2429 786 2466 defertur:
813 2443 921 2477 neque
935 2431 1042 2477 eulpae
1056 2432 1216 2467 Sodalitii
1234 2431 1488 2467 adscribendum
1501 2429 1565 2464 effe
1582 2455 1592 2468 ,
1614 2432 1704 2478 quod
1717 2429 1842 2464 factum

370 2489 440 2511 non
458 2477 557 2510 fuerit
575 2503 583 2515 2
609 2489 688 2512 cum
713 2477 862 2514 Carolus
889 2478 1050 2514 ssmanuel
1065 2479 1190 2525 primus
1212 2479 1313 2514 haeres
1341 2478 1576 2522 Apostolicum
1589 2475 1839 2521 beneplacitum

368 2523 628 2569 impetraverit,
654 2535 691 2565 ut
717 2536 791 2560 cum
808 2524 981 2560 Sodalitio
1006 2526 1188 2572 transigere
1215 2524 1316 2571 poffet
1332 2552 1342 2565 ‚
1367 2536 1469 2571 atque
1491 2525 1525 2559 in
1549 2536 1589 2560 ea
1614 2522 1838 2558 transactione
1895 2557 1904 2568 ,-

369 2571 400 2605 se
414 2597 423 2609 ‚
451 2571 591 2605 haeredes
606 2597 615 2609 ‚
644 2573 730 2606 bona
746 2572 901 2618 obligata
917 2573 1066 2610 voluerit
1081 2574 1123 2609 ad
1139 2585 1180 2609 τες
1198 2574 1348 2608 alienum
1362 2572 1624 2620 expungendum
1636 2594 1647 2609 ‚
1671 2571 1706 2605 &
1719 2570 1839 2605 multi-

365 2617 494 2665 plicum
511 2617 731 2662 praestandum
745 2644 753 2653 .

317 2665 375 2700 De
392 2665 643 2714 conditionibus
659 2690 667 2702 ,
693 2677 772 2709 quas
786 2667 984 2712 Capitulum
1002 2669 1035 2701 in
1050 2667 1120 2713 ipso
1134 2667 1314 2703 erefflonis
1329 2669 1401 2703 aCtu
1422 2666 1548 2714 apponi
1568 2665 1645 2701 vult
1658 2691 1668 2706 ,
1696 2665 1743 2702 ita
1759 2675 1841 2699 cen-

364 2711 427 2745 suit
443 2710 747 2761 Archiepilcopus:
777 2725 905 2750 novum
929 2715 1147 2749 Canonicum
1168 2727 1269 2750 onera
1297 2716 1483 2761 personalia
1497 2713 1605 2748 subire
1629 2712 1770 2748 omnino
1785 2721 1842 2745 te·—

362 2769 435 2793 neri
454 2785 464 2795 ‚
490 2756 595 2793 realia
614 2769 691 2795 vero
705 2784 715 2797 ,
740 2761 861 2803 quami
884 2760 1067 2797 fundorum
1082 2762 1350 2809 affignandoruin
1374 2760 1588 2799 conservatio
1606 2759 1840 2804 fructuumque

1708 2816 1796 2842 exau

58 364 137 409 Scff·
151 376 248 406 24.c.i
259 377 291 403 z.

59 414 95 447 dc
111 415 170 456 7·ch

337 994 360 1009 ³³
