<?xml version="1.0" encoding="UTF-8"?>
<!DOCTYPE html PUBLIC "-//W3C//DTD XHTML 1.0 Transitional//EN"
    "http://www.w3.org/TR/xhtml1/DTD/xhtml1-transitional.dtd">
<html xmlns="http://www.w3.org/1999/xhtml" xml:lang="en" lang="en">
 <head>
  <title>
</title>
<meta http-equiv="Content-Type" content="text/html;charset=utf-8" />
  <meta name='ocr-system' content='tesseract 3.04.00' />
  <meta name='ocr-capabilities' content='ocr_page ocr_carea ocr_par ocr_line ocrx_word'/>
</head>
<body>
  <div class='ocr_page' id='page_1' title='image "./thesaurusresolut18cath_0380.png"; bbox 0 0 1978 3017; ppageno 0'>
   <div class='ocr_carea' id='block_1_1' title="bbox 318 151 1872 2793">
    <p class='ocr_par' dir='ltr' id='par_1_1' title="bbox 359 151 403 183">
     <span class='ocr_line' id='line_1_1' title="bbox 359 151 403 183; baseline 0.045 -2"><span class='ocrx_word' id='word_1_1' title='bbox 359 151 403 183; x_wconf 59' lang='grc' dir='ltr'>ῦς)</span> 
     </span>
    </p>

    <p class='ocr_par' dir='ltr' id='par_1_2' title="bbox 357 192 1823 615">
     <span class='ocr_line' id='line_1_2' title="bbox 357 192 1815 241; baseline 0.001 -12"><span class='ocrx_word' id='word_1_2' title='bbox 357 220 382 234; x_wconf 57' lang='lat'>2,</span> <span class='ocrx_word' id='word_1_3' title='bbox 409 195 438 228; x_wconf 90' lang='lat' dir='ltr'>S.</span> <span class='ocrx_word' id='word_1_4' title='bbox 456 193 578 230; x_wconf 85' lang='lat' dir='ltr'>Mariae</span> <span class='ocrx_word' id='word_1_5' title='bbox 592 192 809 240; x_wconf 81' lang='lat' dir='ltr'>Magdalenae</span> <span class='ocrx_word' id='word_1_6' title='bbox 818 193 962 235; x_wconf 64' lang='lat' dir='ltr'>fluidam</span> <span class='ocrx_word' id='word_1_7' title='bbox 972 193 1045 235; x_wconf 66' lang='lat' dir='ltr'>fixit</span> <span class='ocrx_word' id='word_1_8' title='bbox 1060 207 1079 226; x_wconf 80' lang='lat' dir='ltr'>a</span> <span class='ocrx_word' id='word_1_9' title='bbox 1093 196 1227 237; x_wconf 69' lang='lat' dir='ltr'>&#39;Joanne</span> <span class='ocrx_word' id='word_1_10' title='bbox 1242 195 1378 239; x_wconf 63' lang='lat' dir='ltr'>Manlgo</span> <span class='ocrx_word' id='word_1_11' title='bbox 1393 205 1477 228; x_wconf 73' lang='lat' dir='ltr'>anno</span> <span class='ocrx_word' id='word_1_12' title='bbox 1493 201 1591 241; x_wconf 77' lang='lat'>1747.</span> <span class='ocrx_word' id='word_1_13' title='bbox 1606 194 1714 240; x_wconf 68' lang='lat' dir='ltr'>Hujus</span> <span class='ocrx_word' id='word_1_14' title='bbox 1738 199 1815 233; x_wconf 57' lang='lat' dir='ltr'>red-1</span> 
     </span>
     <span class='ocr_line' id='line_1_3' title="bbox 359 240 1817 289; baseline 0.001 -12"><span class='ocrx_word' id='word_1_15' title='bbox 359 267 384 282; x_wconf 70' lang='lat'>2,</span> <span class='ocrx_word' id='word_1_16' title='bbox 409 244 502 284; x_wconf 64' lang='lat' dir='ltr'>ditiis</span> <span class='ocrx_word' id='word_1_17' title='bbox 512 245 650 289; x_wconf 76' lang='lat' dir='ltr'>pariter</span> <span class='ocrx_word' id='word_1_18' title='bbox 664 246 888 286; x_wconf 68' lang='lat' dir='ltr'>ignorantur.-</span> <span class='ocrx_word' id='word_1_19' title='bbox 909 253 1008 276; x_wconf 65' lang='lat' dir='ltr'>onera</span> <span class='ocrx_word' id='word_1_20' title='bbox 1024 249 1135 275; x_wconf 69' lang='lat' dir='ltr'>tamen</span> <span class='ocrx_word' id='word_1_21' title='bbox 1153 249 1247 276; x_wconf 81' lang='lat' dir='ltr'>certa</span> <span class='ocrx_word' id='word_1_22' title='bbox 1256 241 1365 284; x_wconf 70' lang='lat' dir='ltr'>fimti</span> <span class='ocrx_word' id='word_1_23' title='bbox 1392 240 1509 276; x_wconf 64' lang='lat' dir='ltr'>voluit</span> <span class='ocrx_word' id='word_1_24' title='bbox 1520 243 1608 276; x_wconf 83' lang='lat' dir='ltr'>enim</span> <span class='ocrx_word' id='word_1_25' title='bbox 1624 246 1792 278; x_wconf 80' lang='lat' dir='ltr'>Fundator</span> <span class='ocrx_word' id='word_1_26' title='bbox 1805 269 1817 283; x_wconf 76' lang='grc'>,</span> 
     </span>
     <span class='ocr_line' id='line_1_4' title="bbox 360 286 1817 335; baseline 0.001 -11"><span class='ocrx_word' id='word_1_27' title='bbox 360 313 384 330; x_wconf 86' lang='grc'>,,</span> <span class='ocrx_word' id='word_1_28' title='bbox 413 289 639 324; x_wconf 84' lang='lat' dir='ltr'>UtSacerdos</span> <span class='ocrx_word' id='word_1_29' title='bbox 665 296 841 323; x_wconf 84' lang='lat' dir='ltr'>teneretur</span> <span class='ocrx_word' id='word_1_30' title='bbox 855 286 1015 333; x_wconf 87' lang='lat' dir='ltr'>quotidie</span> <span class='ocrx_word' id='word_1_31' title='bbox 1042 288 1216 322; x_wconf 85' lang='lat' dir='ltr'>celebrare</span> <span class='ocrx_word' id='word_1_32' title='bbox 1236 309 1245 322; x_wconf 76' lang='lat'>‚</span> <span class='ocrx_word' id='word_1_33' title='bbox 1272 287 1324 322; x_wconf 84' lang='lat' dir='ltr'>vel</span> <span class='ocrx_word' id='word_1_34' title='bbox 1338 286 1458 322; x_wconf 88' lang='lat' dir='ltr'>saltem</span> <span class='ocrx_word' id='word_1_35' title='bbox 1484 296 1606 335; x_wconf 75' lang='lat' dir='ltr'>quater</span> <span class='ocrx_word' id='word_1_36' title='bbox 1628 286 1665 322; x_wconf 86' lang='lat' dir='ltr'>in</span> <span class='ocrx_word' id='word_1_37' title='bbox 1682 289 1817 325; x_wconf 83' lang='lat' dir='ltr'>hebdo—</span> 
     </span>
     <span class='ocr_line' id='line_1_5' title="bbox 358 334 1814 382; baseline 0.001 -12"><span class='ocrx_word' id='word_1_38' title='bbox 358 360 386 375; x_wconf 56' lang='grc' dir='ltr'>ω</span> <span class='ocrx_word' id='word_1_39' title='bbox 411 340 503 372; x_wconf 86' lang='lat' dir='ltr'>mada</span> <span class='ocrx_word' id='word_1_40' title='bbox 529 336 705 382; x_wconf 86' lang='lat' dir='ltr'>qualibet,</span> <span class='ocrx_word' id='word_1_41' title='bbox 729 337 777 370; x_wconf 87' lang='lat' dir='ltr'>bis</span> <span class='ocrx_word' id='word_1_42' title='bbox 806 334 967 369; x_wconf 78' lang='lat' dir='ltr'>videlicet</span> <span class='ocrx_word' id='word_1_43' title='bbox 995 345 1052 379; x_wconf 89' lang='lat' dir='ltr'>pro</span> <span class='ocrx_word' id='word_1_44' title='bbox 1080 334 1253 369; x_wconf 80' lang='lat' dir='ltr'>animabus</span> <span class='ocrx_word' id='word_1_45' title='bbox 1279 360 1288 373; x_wconf 87' lang='lat'>,</span> <span class='ocrx_word' id='word_1_46' title='bbox 1312 334 1569 376; x_wconf 60' lang='lat' dir='ltr'>alemanorum,</span> <span class='ocrx_word' id='word_1_47' title='bbox 1593 335 1627 369; x_wconf 84' lang='lat'>&amp;</span> <span class='ocrx_word' id='word_1_48' title='bbox 1649 335 1750 370; x_wconf 88' lang='lat' dir='ltr'>semel</span> <span class='ocrx_word' id='word_1_49' title='bbox 1771 336 1814 372; x_wconf 77' lang='lat' dir='ltr'>de</span> 
     </span>
     <span class='ocr_line' id='line_1_6' title="bbox 360 380 1818 429; baseline -0.002 -9"><span class='ocrx_word' id='word_1_50' title='bbox 360 405 386 423; x_wconf 74' lang='lat'>,2</span> <span class='ocrx_word' id='word_1_51' title='bbox 413 383 448 417; x_wconf 85' lang='grc' dir='ltr'>Β.</span> <span class='ocrx_word' id='word_1_52' title='bbox 468 384 582 419; x_wconf 83' lang='lat' dir='ltr'>Maria</span> <span class='ocrx_word' id='word_1_53' title='bbox 595 382 801 429; x_wconf 83' lang='lat' dir='ltr'>Magdalena</span> <span class='ocrx_word' id='word_1_54' title='bbox 820 408 829 422; x_wconf 91' lang='lat'>,</span> <span class='ocrx_word' id='word_1_55' title='bbox 856 383 887 417; x_wconf 83' lang='lat'>&amp;</span> <span class='ocrx_word' id='word_1_56' title='bbox 902 382 940 415; x_wconf 91' lang='lat' dir='ltr'>de</span> <span class='ocrx_word' id='word_1_57' title='bbox 956 380 992 415; x_wconf 81' lang='grc' dir='ltr'>Β.</span> <span class='ocrx_word' id='word_1_58' title='bbox 1012 380 1226 428; x_wconf 84' lang='lat' dir='ltr'>Hieronymo</span> <span class='ocrx_word' id='word_1_59' title='bbox 1243 410 1251 418; x_wconf 95' lang='lat'><strong>.</strong></span> <span class='ocrx_word' id='word_1_60' title='bbox 1281 385 1400 418; x_wconf 81' lang='lat' dir='ltr'>Tertiae</span> <span class='ocrx_word' id='word_1_61' title='bbox 1427 382 1618 419; x_wconf 80' lang='lat' dir='ltr'>Praebendae</span> <span class='ocrx_word' id='word_1_62' title='bbox 1635 382 1669 418; x_wconf 83' lang='lat' dir='ltr'>S.</span> <span class='ocrx_word' id='word_1_63' title='bbox 1682 382 1818 417; x_wconf 86' lang='lat' dir='ltr'>Catha-</span> 
     </span>
     <span class='ocr_line' id='line_1_7' title="bbox 360 428 1821 473; baseline -0.001 -6"><span class='ocrx_word' id='word_1_64' title='bbox 360 453 388 470; x_wconf 75' lang='lat'>‚2</span> <span class='ocrx_word' id='word_1_65' title='bbox 412 431 492 466; x_wconf 79' lang='lat' dir='ltr'>rinae</span> <span class='ocrx_word' id='word_1_66' title='bbox 504 431 681 473; x_wconf 70' lang='lat' dir='ltr'>certifint</span> <span class='ocrx_word' id='word_1_67' title='bbox 699 433 852 466; x_wconf 40' lang='lat' dir='ltr'>rvi-aditus</span> <span class='ocrx_word' id='word_1_68' title='bbox 865 438 1002 464; x_wconf 87' lang='lat' dir='ltr'>centum</span> <span class='ocrx_word' id='word_1_69' title='bbox 1016 430 1194 463; x_wconf 82' lang='lat' dir='ltr'>annuatim</span> <span class='ocrx_word' id='word_1_70' title='bbox 1222 428 1379 464; x_wconf 85' lang='lat' dir='ltr'>librarum</span> <span class='ocrx_word' id='word_1_71' title='bbox 1404 429 1590 465; x_wconf 84' lang='lat' dir='ltr'>Parvorum</span> <span class='ocrx_word' id='word_1_72' title='bbox 1604 455 1628 469; x_wconf 92' lang='lat'><strong>„</strong></span> <span class='ocrx_word' id='word_1_73' title='bbox 1655 428 1821 466; x_wconf 81' lang='lat' dir='ltr'>fundavit</span> 
     </span>
     <span class='ocr_line' id='line_1_8' title="bbox 359 474 1823 523; baseline 0.001 -13"><span class='ocrx_word' id='word_1_74' title='bbox 359 477 449 514; x_wconf 85' lang='lat' dir='ltr'>hanc</span> <span class='ocrx_word' id='word_1_75' title='bbox 477 478 692 514; x_wconf 83' lang='lat' dir='ltr'>Praebendam</span> <span class='ocrx_word' id='word_1_76' title='bbox 720 474 900 511; x_wconf 85' lang='lat' dir='ltr'>Conradus</span> <span class='ocrx_word' id='word_1_77' title='bbox 929 475 1173 510; x_wconf 81' lang='lat' dir='ltr'>Brancarecchi</span> <span class='ocrx_word' id='word_1_78' title='bbox 1191 476 1313 510; x_wconf 86' lang='lat' dir='ltr'>eodem</span> <span class='ocrx_word' id='word_1_79' title='bbox 1340 487 1427 510; x_wconf 92' lang='lat' dir='ltr'>anno</span> <span class='ocrx_word' id='word_1_80' title='bbox 1446 488 1541 523; x_wconf 84' lang='lat'>1347.</span> <span class='ocrx_word' id='word_1_81' title='bbox 1558 501 1568 515; x_wconf 92' lang='lat'>,</span> <span class='ocrx_word' id='word_1_82' title='bbox 1590 477 1650 522; x_wconf 79' lang='lat' dir='ltr'>qui</span> <span class='ocrx_word' id='word_1_83' title='bbox 1671 477 1738 512; x_wconf 78' lang='lat' dir='ltr'>-hac</span> <span class='ocrx_word' id='word_1_84' title='bbox 1762 475 1823 513; x_wconf 88' lang='lat' dir='ltr'>sua.</span> 
     </span>
     <span class='ocr_line' id='line_1_9' title="bbox 360 522 1823 571; baseline 0.001 -12"><span class='ocrx_word' id='word_1_85' title='bbox 360 523 542 562; x_wconf 76' lang='lat' dir='ltr'>Praebenda</span> <span class='ocrx_word' id='word_1_86' title='bbox 574 525 678 560; x_wconf 82' lang='lat' dir='ltr'>aliam</span> <span class='ocrx_word' id='word_1_87' title='bbox 697 536 715 558; x_wconf 84' lang='lat' dir='ltr'>a</span> <span class='ocrx_word' id='word_1_88' title='bbox 743 524 890 571; x_wconf 82' lang='lat' dir='ltr'>Monigo</span> <span class='ocrx_word' id='word_1_89' title='bbox 915 523 1091 558; x_wconf 77' lang='lat' dir='ltr'>fundatam</span> <span class='ocrx_word' id='word_1_90' title='bbox 1116 522 1332 561; x_wconf 80' lang='lat' dir='ltr'>confirmavit</span> <span class='ocrx_word' id='word_1_91' title='bbox 1357 548 1369 563; x_wconf 85' lang='grc'>,</span> <span class='ocrx_word' id='word_1_92' title='bbox 1403 523 1434 558; x_wconf 76' lang='grc' dir='ltr'>δι</span> <span class='ocrx_word' id='word_1_93' title='bbox 1456 524 1539 559; x_wconf 87' lang='lat' dir='ltr'>ideo</span> <span class='ocrx_word' id='word_1_94' title='bbox 1557 524 1656 562; x_wconf 81' lang='lat' dir='ltr'>nulla</span> <span class='ocrx_word' id='word_1_95' title='bbox 1677 535 1823 564; x_wconf 66' lang='lat' dir='ltr'>onera..-</span> 
     </span>
     <span class='ocr_line' id='line_1_10' title="bbox 360 573 506 615; baseline 0.007 -9"><span class='ocrx_word' id='word_1_96' title='bbox 360 573 484 615; x_wconf 82' lang='lat' dir='ltr'>adjecit</span> <span class='ocrx_word' id='word_1_97' title='bbox 498 598 506 607; x_wconf 94' lang='lat'>.</span> 
     </span>
    </p>

    <p class='ocr_par' dir='ltr' id='par_1_3' title="bbox 318 617 1829 1231">
     <span class='ocr_line' id='line_1_11' title="bbox 318 617 1826 665; baseline -0.002 -9"><span class='ocrx_word' id='word_1_98' title='bbox 318 622 418 656; x_wconf 85' lang='lat' dir='ltr'>Duas</span> <span class='ocrx_word' id='word_1_99' title='bbox 437 620 534 655; x_wconf 76' lang='lat' dir='ltr'>hasce</span> <span class='ocrx_word' id='word_1_100' title='bbox 559 620 758 665; x_wconf 80' lang='lat' dir='ltr'>posteriores</span> <span class='ocrx_word' id='word_1_101' title='bbox 789 617 985 654; x_wconf 79' lang='lat' dir='ltr'>Praebendas</span> <span class='ocrx_word' id='word_1_102' title='bbox 1005 625 1036 655; x_wconf 91' lang='lat' dir='ltr'>S.</span> <span class='ocrx_word' id='word_1_103' title='bbox 1058 621 1178 654; x_wconf 73' lang='lat' dir='ltr'>Mariae</span> <span class='ocrx_word' id='word_1_104' title='bbox 1198 619 1429 665; x_wconf 61' lang='lat' dir='ltr'>Magdalenae,</span> <span class='ocrx_word' id='word_1_105' title='bbox 1454 619 1487 654; x_wconf 75' lang='grc' dir='ltr'>δι</span> <span class='ocrx_word' id='word_1_106' title='bbox 1510 625 1542 655; x_wconf 84' lang='lat' dir='ltr'>S.</span> <span class='ocrx_word' id='word_1_107' title='bbox 1563 619 1750 655; x_wconf 78' lang='lat' dir='ltr'>catharinae</span> <span class='ocrx_word' id='word_1_108' title='bbox 1776 619 1826 655; x_wconf 90' lang='lat' dir='ltr'>ob</span> 
     </span>
     <span class='ocr_line' id='line_1_12' title="bbox 365 664 1828 713; baseline -0.001 -10"><span class='ocrx_word' id='word_1_109' title='bbox 365 667 563 705; x_wconf 83' lang='lat' dir='ltr'>reddituum</span> <span class='ocrx_word' id='word_1_110' title='bbox 577 669 782 702; x_wconf 82' lang='lat' dir='ltr'>tenuitatem</span> <span class='ocrx_word' id='word_1_111' title='bbox 806 666 919 701; x_wconf 88' lang='lat' dir='ltr'>univit</span> <span class='ocrx_word' id='word_1_112' title='bbox 945 665 1128 713; x_wconf 79' lang='lat' dir='ltr'>Episcopus</span> <span class='ocrx_word' id='word_1_113' title='bbox 1144 664 1348 700; x_wconf 86' lang='lat' dir='ltr'>Tarvisinus</span> <span class='ocrx_word' id='word_1_114' title='bbox 1374 677 1464 702; x_wconf 87' lang='lat' dir='ltr'>anno</span> <span class='ocrx_word' id='word_1_115' title='bbox 1484 667 1636 712; x_wconf 80' lang='lat' dir='ltr'>1376.ea</span> <span class='ocrx_word' id='word_1_116' title='bbox 1660 667 1758 713; x_wconf 85' lang='lat' dir='ltr'>lege,</span> <span class='ocrx_word' id='word_1_117' title='bbox 1783 674 1828 702; x_wconf 59' lang='lat' dir='ltr'>uit</span> 
     </span>
     <span class='ocr_line' id='line_1_13' title="bbox 365 713 1829 760; baseline -0.002 -9"><span class='ocrx_word' id='word_1_118' title='bbox 365 717 527 751; x_wconf 49' lang='lat' dir='ltr'>Sacerdos</span> <span class='ocrx_word' id='word_1_119' title='bbox 541 717 575 750; x_wconf 83' lang='lat' dir='ltr'>in</span> <span class='ocrx_word' id='word_1_120' title='bbox 591 728 630 751; x_wconf 75' lang='lat' dir='ltr'>ea</span> <span class='ocrx_word' id='word_1_121' title='bbox 657 714 878 754; x_wconf 59' lang='lat' dir='ltr'>instituendus</span> <span class='ocrx_word' id='word_1_122' title='bbox 897 726 995 750; x_wconf 65' lang='lat' dir='ltr'>onera</span> <span class='ocrx_word' id='word_1_123' title='bbox 1022 725 1085 760; x_wconf 60' lang='lat' dir='ltr'>qim</span> <span class='ocrx_word' id='word_1_124' title='bbox 1096 713 1184 748; x_wconf 75' lang='lat' dir='ltr'>libet</span> <span class='ocrx_word' id='word_1_125' title='bbox 1206 715 1351 759; x_wconf 61' lang='lat' dir='ltr'>ipfiarhm</span> <span class='ocrx_word' id='word_1_126' title='bbox 1367 715 1527 750; x_wconf 78' lang='lat' dir='ltr'>totaliter</span> <span class='ocrx_word' id='word_1_127' title='bbox 1541 715 1657 756; x_wconf 80' lang='lat' dir='ltr'>facere</span> <span class='ocrx_word' id='word_1_128' title='bbox 1670 739 1681 753; x_wconf 83' lang='lat'>,</span> <span class='ocrx_word' id='word_1_129' title='bbox 1711 715 1829 758; x_wconf 73' lang='lat' dir='ltr'>&amp;fit-</span> 
     </span>
     <span class='ocr_line' id='line_1_14' title="bbox 364 759 1826 805; baseline -0.001 -8"><span class='ocrx_word' id='word_1_130' title='bbox 364 761 440 798; x_wconf 65' lang='grc' dir='ltr'><em>[πῖνε</em></span> <span class='ocrx_word' id='word_1_131' title='bbox 454 772 630 797; x_wconf 75' lang='lat' dir='ltr'>teneretur</span> <span class='ocrx_word' id='word_1_132' title='bbox 646 785 657 802; x_wconf 77' lang='lat'>.-</span> <span class='ocrx_word' id='word_1_133' title='bbox 685 761 748 796; x_wconf 79' lang='lat' dir='ltr'>Sed</span> <span class='ocrx_word' id='word_1_134' title='bbox 762 761 841 805; x_wconf 88' lang='lat' dir='ltr'>quia</span> <span class='ocrx_word' id='word_1_135' title='bbox 855 762 916 795; x_wconf 86' lang='lat' dir='ltr'>hac</span> <span class='ocrx_word' id='word_1_136' title='bbox 931 759 1061 796; x_wconf 87' lang='lat' dir='ltr'>unione</span> <span class='ocrx_word' id='word_1_137' title='bbox 1083 772 1149 794; x_wconf 90' lang='lat' dir='ltr'>non</span> <span class='ocrx_word' id='word_1_138' title='bbox 1164 759 1242 794; x_wconf 86' lang='lat' dir='ltr'>satis</span> <span class='ocrx_word' id='word_1_139' title='bbox 1263 759 1397 795; x_wconf 80' lang='lat' dir='ltr'>fortasse</span> <span class='ocrx_word' id='word_1_140' title='bbox 1410 760 1600 796; x_wconf 86' lang='lat' dir='ltr'>consultum</span> <span class='ocrx_word' id='word_1_141' title='bbox 1625 761 1735 796; x_wconf 84' lang='lat' dir='ltr'>fuerat</span> <span class='ocrx_word' id='word_1_142' title='bbox 1758 772 1826 795; x_wconf 82' lang='lat' dir='ltr'>ea-</span> 
     </span>
     <span class='ocr_line' id='line_1_15' title="bbox 364 806 1827 852; baseline 0.001 -10"><span class='ocrx_word' id='word_1_143' title='bbox 364 810 518 843; x_wconf 84' lang='lat' dir='ltr'>rumdem</span> <span class='ocrx_word' id='word_1_144' title='bbox 535 809 719 845; x_wconf 86' lang='lat' dir='ltr'>tenuitati,</span> <span class='ocrx_word' id='word_1_145' title='bbox 747 808 796 842; x_wconf 64' lang='lat' dir='ltr'>ha:</span> <span class='ocrx_word' id='word_1_146' title='bbox 811 807 881 842; x_wconf 59' lang='lat' dir='ltr'>duit·</span> <span class='ocrx_word' id='word_1_147' title='bbox 898 806 1085 842; x_wconf 61' lang='lat' dir='ltr'>Praebendx</span> <span class='ocrx_word' id='word_1_148' title='bbox 1101 807 1202 842; x_wconf 74' lang='lat' dir='ltr'>unitae</span> <span class='ocrx_word' id='word_1_149' title='bbox 1219 810 1353 845; x_wconf 81' lang='lat' dir='ltr'>tandem</span> <span class='ocrx_word' id='word_1_150' title='bbox 1369 807 1507 842; x_wconf 87' lang='lat' dir='ltr'>fuerunt</span> <span class='ocrx_word' id='word_1_151' title='bbox 1525 807 1638 852; x_wconf 84' lang='lat' dir='ltr'>primae</span> <span class='ocrx_word' id='word_1_152' title='bbox 1652 807 1705 842; x_wconf 82' lang='lat' dir='ltr'>illi</span> <span class='ocrx_word' id='word_1_153' title='bbox 1729 807 1827 844; x_wconf 81' lang='lat' dir='ltr'>Prae-</span> 
     </span>
     <span class='ocr_line' id='line_1_16' title="bbox 365 853 1824 894; baseline -0.001 -5"><span class='ocrx_word' id='word_1_154' title='bbox 365 857 483 890; x_wconf 82' lang='lat' dir='ltr'>bendae</span> <span class='ocrx_word' id='word_1_155' title='bbox 498 862 526 891; x_wconf 88' lang='lat' dir='ltr'>S.</span> <span class='ocrx_word' id='word_1_156' title='bbox 549 859 668 890; x_wconf 66' lang='grc' dir='ltr'><em>Μανία]</em></span> <span class='ocrx_word' id='word_1_157' title='bbox 688 861 812 889; x_wconf 57' lang='lat' dir='ltr'>‘Parve</span> <span class='ocrx_word' id='word_1_158' title='bbox 833 881 842 894; x_wconf 90' lang='lat'>‚</span> <span class='ocrx_word' id='word_1_159' title='bbox 868 856 898 889; x_wconf 69' lang='grc' dir='ltr'>ὅ(</span> <span class='ocrx_word' id='word_1_160' title='bbox 914 866 953 888; x_wconf 85' lang='lat' dir='ltr'>ex</span> <span class='ocrx_word' id='word_1_161' title='bbox 974 855 1078 889; x_wconf 88' lang='lat' dir='ltr'>tribus</span> <span class='ocrx_word' id='word_1_162' title='bbox 1091 853 1182 888; x_wconf 74' lang='lat' dir='ltr'>hisce</span> <span class='ocrx_word' id='word_1_163' title='bbox 1204 854 1385 890; x_wconf 46' lang='lat' dir='ltr'>&amp;tuendis</span> <span class='ocrx_word' id='word_1_164' title='bbox 1401 853 1505 890; x_wconf 86' lang='lat' dir='ltr'>unitis</span> <span class='ocrx_word' id='word_1_165' title='bbox 1531 853 1694 888; x_wconf 86' lang='lat' dir='ltr'>fundatus</span> <span class='ocrx_word' id='word_1_166' title='bbox 1711 878 1721 891; x_wconf 87' lang='lat'>,</span> <span class='ocrx_word' id='word_1_167' title='bbox 1745 866 1824 889; x_wconf 89' lang='lat' dir='ltr'>ere-</span> 
     </span>
     <span class='ocr_line' id='line_1_17' title="bbox 365 900 1826 950; baseline -0.001 -13"><span class='ocrx_word' id='word_1_168' title='bbox 365 902 499 950; x_wconf 67' lang='lat' dir='ltr'>&amp;usque</span> <span class='ocrx_word' id='word_1_169' title='bbox 517 901 581 937; x_wconf 88' lang='lat' dir='ltr'>fuit</span> <span class='ocrx_word' id='word_1_170' title='bbox 595 902 829 937; x_wconf 83' lang='lat' dir='ltr'>Canonicatus</span> <span class='ocrx_word' id='word_1_171' title='bbox 844 928 853 941; x_wconf 89' lang='lat'>,</span> <span class='ocrx_word' id='word_1_172' title='bbox 880 903 918 936; x_wconf 90' lang='lat' dir='ltr'>de</span> <span class='ocrx_word' id='word_1_173' title='bbox 932 913 999 947; x_wconf 85' lang='lat' dir='ltr'>quo</span> <span class='ocrx_word' id='word_1_174' title='bbox 1016 902 1144 947; x_wconf 79' lang='lat' dir='ltr'>agimus</span> <span class='ocrx_word' id='word_1_175' title='bbox 1161 928 1170 940; x_wconf 84' lang='lat'>,</span> <span class='ocrx_word' id='word_1_176' title='bbox 1194 913 1249 948; x_wconf 86' lang='lat' dir='ltr'>qui</span> <span class='ocrx_word' id='word_1_177' title='bbox 1265 904 1284 935; x_wconf 77' lang='lat' dir='ltr'><strong>S</strong></span> <span class='ocrx_word' id='word_1_178' title='bbox 1311 901 1431 937; x_wconf 63' lang='lat' dir='ltr'>Mariae</span> <span class='ocrx_word' id='word_1_179' title='bbox 1446 901 1560 936; x_wconf 84' lang='lat' dir='ltr'>Parvae</span> <span class='ocrx_word' id='word_1_180' title='bbox 1585 900 1747 936; x_wconf 75' lang='lat' dir='ltr'>‘situlum</span> <span class='ocrx_word' id='word_1_181' title='bbox 1761 901 1826 935; x_wconf 79' lang='lat' dir='ltr'>ha·-</span> 
     </span>
     <span class='ocr_line' id='line_1_18' title="bbox 364 946 1826 995; baseline -0.002 -11"><span class='ocrx_word' id='word_1_182' title='bbox 364 951 443 984; x_wconf 91' lang='lat' dir='ltr'>bet:</span> <span class='ocrx_word' id='word_1_183' title='bbox 471 962 540 995; x_wconf 88' lang='lat' dir='ltr'>quo</span> <span class='ocrx_word' id='word_1_184' title='bbox 558 961 668 988; x_wconf 84' lang='lat' dir='ltr'>anno,</span> <span class='ocrx_word' id='word_1_185' title='bbox 693 949 857 993; x_wconf 85' lang='lat' dir='ltr'>quibusve</span> <span class='ocrx_word' id='word_1_186' title='bbox 885 948 1018 994; x_wconf 83' lang='lat' dir='ltr'>legibus</span> <span class='ocrx_word' id='word_1_187' title='bbox 1036 974 1045 987; x_wconf 91' lang='lat'>,</span> <span class='ocrx_word' id='word_1_188' title='bbox 1067 950 1097 982; x_wconf 76' lang='lat'>8&lt;</span> <span class='ocrx_word' id='word_1_189' title='bbox 1129 950 1380 984; x_wconf 83' lang='lat' dir='ltr'>conditionibus</span> <span class='ocrx_word' id='word_1_190' title='bbox 1398 948 1479 984; x_wconf 89' lang='lat' dir='ltr'>unio</span> <span class='ocrx_word' id='word_1_191' title='bbox 1502 947 1588 987; x_wconf 81' lang='lat' dir='ltr'>iila,</span> <span class='ocrx_word' id='word_1_192' title='bbox 1612 949 1643 982; x_wconf 86' lang='lat'>&amp;</span> <span class='ocrx_word' id='word_1_193' title='bbox 1668 946 1826 982; x_wconf 83' lang='lat' dir='ltr'>Canoni-</span> 
     </span>
     <span class='ocr_line' id='line_1_19' title="bbox 364 994 1825 1042; baseline -0.001 -11"><span class='ocrx_word' id='word_1_194' title='bbox 364 1005 463 1031; x_wconf 84' lang='lat' dir='ltr'>catus</span> <span class='ocrx_word' id='word_1_195' title='bbox 479 996 606 1031; x_wconf 69' lang='lat' dir='ltr'>erectio</span> <span class='ocrx_word' id='word_1_196' title='bbox 623 996 703 1030; x_wconf 76' lang='lat' dir='ltr'>faCta</span> <span class='ocrx_word' id='word_1_197' title='bbox 717 996 818 1030; x_wconf 78' lang='lat' dir='ltr'>fuerit</span> <span class='ocrx_word' id='word_1_198' title='bbox 837 1006 929 1030; x_wconf 87' lang='lat' dir='ltr'>certo</span> <span class='ocrx_word' id='word_1_199' title='bbox 943 1007 1012 1030; x_wconf 89' lang='lat' dir='ltr'>non</span> <span class='ocrx_word' id='word_1_200' title='bbox 1037 995 1186 1034; x_wconf 56' lang='lat' dir='ltr'>constan</span> <span class='ocrx_word' id='word_1_201' title='bbox 1210 995 1258 1030; x_wconf 86' lang='lat' dir='ltr'>Ex</span> <span class='ocrx_word' id='word_1_202' title='bbox 1285 997 1437 1042; x_wconf 83' lang='lat' dir='ltr'>pluribus</span> <span class='ocrx_word' id='word_1_203' title='bbox 1453 1005 1566 1030; x_wconf 86' lang='lat' dir='ltr'>tamen</span> <span class='ocrx_word' id='word_1_204' title='bbox 1582 994 1770 1030; x_wconf 83' lang='lat' dir='ltr'>coniicitur</span> <span class='ocrx_word' id='word_1_205' title='bbox 1786 994 1825 1033; x_wconf 83' lang='lat' dir='ltr'>id</span> 
     </span>
     <span class='ocr_line' id='line_1_20' title="bbox 367 1042 1825 1083; baseline -0.002 -5"><span class='ocrx_word' id='word_1_206' title='bbox 367 1043 516 1078; x_wconf 74' lang='lat' dir='ltr'>evenisse</span> <span class='ocrx_word' id='word_1_207' title='bbox 529 1044 619 1078; x_wconf 83' lang='lat' dir='ltr'>circa</span> <span class='ocrx_word' id='word_1_208' title='bbox 636 1054 761 1076; x_wconf 88' lang='lat' dir='ltr'>annum</span> <span class='ocrx_word' id='word_1_209' title='bbox 782 1054 880 1081; x_wconf 83' lang='lat'>1400.</span> <span class='ocrx_word' id='word_1_210' title='bbox 893 1044 977 1078; x_wconf 65' lang='lat' dir='ltr'>ch</span> <span class='ocrx_word' id='word_1_211' title='bbox 994 1070 1004 1082; x_wconf 94' lang='lat'>‚</span> <span class='ocrx_word' id='word_1_212' title='bbox 1028 1043 1088 1078; x_wconf 91' lang='lat' dir='ltr'>ubi</span> <span class='ocrx_word' id='word_1_213' title='bbox 1104 1044 1242 1077; x_wconf 82' lang='lat' dir='ltr'>excussis</span> <span class='ocrx_word' id='word_1_214' title='bbox 1259 1069 1266 1082; x_wconf 73' lang='lat'><em>.</em></span> <span class='ocrx_word' id='word_1_215' title='bbox 1283 1055 1319 1078; x_wconf 89' lang='lat' dir='ltr'>ut</span> <span class='ocrx_word' id='word_1_216' title='bbox 1335 1044 1481 1078; x_wconf 80' lang='lat' dir='ltr'>diximus</span> <span class='ocrx_word' id='word_1_217' title='bbox 1493 1070 1503 1083; x_wconf 93' lang='lat'>‚</span> <span class='ocrx_word' id='word_1_218' title='bbox 1530 1042 1703 1078; x_wconf 83' lang='lat' dir='ltr'>veteribus</span> <span class='ocrx_word' id='word_1_219' title='bbox 1718 1053 1825 1076; x_wconf 88' lang='lat' dir='ltr'>mem-</span> 
     </span>
     <span class='ocr_line' id='line_1_21' title="bbox 366 1088 1825 1136; baseline -0.002 -10"><span class='ocrx_word' id='word_1_220' title='bbox 366 1092 482 1126; x_wconf 85' lang='lat' dir='ltr'>branis</span> <span class='ocrx_word' id='word_1_221' title='bbox 496 1117 505 1131; x_wconf 89' lang='lat'>,</span> <span class='ocrx_word' id='word_1_222' title='bbox 530 1091 698 1136; x_wconf 80' lang='lat' dir='ltr'>cognovit</span> <span class='ocrx_word' id='word_1_223' title='bbox 712 1088 929 1125; x_wconf 88' lang='lat' dir='ltr'>Guillelmus</span> <span class='ocrx_word' id='word_1_224' title='bbox 944 1090 1051 1125; x_wconf 82' lang='lat' dir='ltr'>Scotti</span> <span class='ocrx_word' id='word_1_225' title='bbox 1074 1117 1082 1129; x_wconf 93' lang='lat'><strong>,</strong></span> <span class='ocrx_word' id='word_1_226' title='bbox 1106 1090 1258 1124; x_wconf 83' lang='lat' dir='ltr'>dubitare</span> <span class='ocrx_word' id='word_1_227' title='bbox 1276 1093 1395 1136; x_wconf 85' lang='lat' dir='ltr'>caepit,</span> <span class='ocrx_word' id='word_1_228' title='bbox 1418 1102 1458 1125; x_wconf 91' lang='lat' dir='ltr'>an</span> <span class='ocrx_word' id='word_1_229' title='bbox 1473 1089 1825 1136; x_wconf 72' lang='lat' dir='ltr'>ipseimplendoone-</span> 
     </span>
     <span class='ocr_line' id='line_1_22' title="bbox 365 1135 1825 1183; baseline -0.001 -12"><span class='ocrx_word' id='word_1_230' title='bbox 365 1150 403 1175; x_wconf 78' lang='lat' dir='ltr'>ra</span> <span class='ocrx_word' id='word_1_231' title='bbox 419 1165 427 1178; x_wconf 94' lang='lat'>‚</span> <span class='ocrx_word' id='word_1_232' title='bbox 458 1148 532 1183; x_wconf 85' lang='lat' dir='ltr'>quae</span> <span class='ocrx_word' id='word_1_233' title='bbox 549 1137 651 1172; x_wconf 86' lang='lat' dir='ltr'>initio</span> <span class='ocrx_word' id='word_1_234' title='bbox 665 1138 809 1172; x_wconf 83' lang='lat' dir='ltr'>diximus</span> <span class='ocrx_word' id='word_1_235' title='bbox 825 1164 834 1178; x_wconf 92' lang='lat'>‚</span> <span class='ocrx_word' id='word_1_236' title='bbox 856 1136 1043 1172; x_wconf 79' lang='lat' dir='ltr'>refidentiae</span> <span class='ocrx_word' id='word_1_237' title='bbox 1057 1164 1067 1176; x_wconf 85' lang='lat'>,</span> <span class='ocrx_word' id='word_1_238' title='bbox 1084 1138 1113 1172; x_wconf 76' lang='grc' dir='ltr'>δι</span> <span class='ocrx_word' id='word_1_239' title='bbox 1131 1136 1299 1172; x_wconf 82' lang='lat' dir='ltr'>sacrorum</span> <span class='ocrx_word' id='word_1_240' title='bbox 1318 1148 1376 1182; x_wconf 88' lang='lat' dir='ltr'>per</span> <span class='ocrx_word' id='word_1_241' title='bbox 1390 1147 1525 1172; x_wconf 81' lang='lat' dir='ltr'>turnum</span> <span class='ocrx_word' id='word_1_242' title='bbox 1540 1163 1551 1177; x_wconf 93' lang='lat'>,</span> <span class='ocrx_word' id='word_1_243' title='bbox 1576 1136 1637 1171; x_wconf 84' lang='lat' dir='ltr'>suae</span> <span class='ocrx_word' id='word_1_244' title='bbox 1651 1135 1727 1172; x_wconf 86' lang='lat' dir='ltr'>satis</span> <span class='ocrx_word' id='word_1_245' title='bbox 1741 1147 1825 1169; x_wconf 89' lang='lat' dir='ltr'>con-</span> 
     </span>
     <span class='ocr_line' id='line_1_23' title="bbox 367 1183 1826 1231; baseline -0.003 -11"><span class='ocrx_word' id='word_1_246' title='bbox 367 1185 518 1221; x_wconf 79' lang='lat' dir='ltr'>scienu&#39;ae</span> <span class='ocrx_word' id='word_1_247' title='bbox 533 1184 727 1220; x_wconf 81' lang='lat' dir='ltr'>consuleret</span> <span class='ocrx_word' id='word_1_248' title='bbox 747 1209 756 1219; x_wconf 94' lang='lat'><strong>.</strong></span> <span class='ocrx_word' id='word_1_249' title='bbox 782 1184 901 1220; x_wconf 83' lang='lat' dir='ltr'>Preces</span> <span class='ocrx_word' id='word_1_250' title='bbox 915 1185 1019 1231; x_wconf 79' lang='lat' dir='ltr'>igitur</span> <span class='ocrx_word' id='word_1_251' title='bbox 1043 1184 1172 1219; x_wconf 86' lang='lat' dir='ltr'>obtulit</span> <span class='ocrx_word' id='word_1_252' title='bbox 1196 1184 1470 1220; x_wconf 81' lang='lat' dir='ltr'>Eminentiflimis</span> <span class='ocrx_word' id='word_1_253' title='bbox 1497 1184 1675 1222; x_wconf 83' lang='lat' dir='ltr'>Patribus,</span> <span class='ocrx_word' id='word_1_254' title='bbox 1703 1183 1826 1228; x_wconf 86' lang='lat' dir='ltr'>quibus</span> 
     </span>
    </p>

    <p class='ocr_par' dir='ltr' id='par_1_4' title="bbox 365 1228 1872 2213">
     <span class='ocr_line' id='line_1_24' title="bbox 393 1228 1825 1278; baseline -0.002 -12"><span class='ocrx_word' id='word_1_255' title='bbox 393 1232 559 1267; x_wconf 70' lang='lat' dir='ltr'>ollulabat</span> <span class='ocrx_word' id='word_1_256' title='bbox 573 1260 583 1273; x_wconf 86' lang='lat'>,</span> <span class='ocrx_word' id='word_1_257' title='bbox 612 1241 649 1267; x_wconf 89' lang='lat' dir='ltr'>ut</span> <span class='ocrx_word' id='word_1_258' title='bbox 665 1233 721 1277; x_wconf 83' lang='lat' dir='ltr'>ipii</span> <span class='ocrx_word' id='word_1_259' title='bbox 739 1231 974 1271; x_wconf 85' lang='lat' dir='ltr'>declararent,</span> <span class='ocrx_word' id='word_1_260' title='bbox 1001 1244 1074 1278; x_wconf 81' lang='lat' dir='ltr'>qua:</span> <span class='ocrx_word' id='word_1_261' title='bbox 1095 1231 1164 1278; x_wconf 88' lang='lat' dir='ltr'>ipse</span> <span class='ocrx_word' id='word_1_262' title='bbox 1182 1231 1213 1266; x_wconf 86' lang='lat' dir='ltr'>in</span> <span class='ocrx_word' id='word_1_263' title='bbox 1235 1232 1286 1267; x_wconf 85' lang='lat' dir='ltr'>his</span> <span class='ocrx_word' id='word_1_264' title='bbox 1300 1244 1412 1267; x_wconf 86' lang='lat' dir='ltr'>rerum</span> <span class='ocrx_word' id='word_1_265' title='bbox 1438 1228 1693 1274; x_wconf 81' lang='lat' dir='ltr'>circumstantiis</span> <span class='ocrx_word' id='word_1_266' title='bbox 1719 1240 1825 1263; x_wconf 77' lang='lat' dir='ltr'>onera</span> 
     </span>
     <span class='ocr_line' id='line_1_25' title="bbox 367 1244 1872 1325; baseline -0.003 -10"><span class='ocrx_word' id='word_1_267' title='bbox 367 1244 480 1315; x_wconf 48' lang='lat' dir='ltr'>{ubire</span> <span class='ocrx_word' id='word_1_268' title='bbox 492 1288 648 1315; x_wconf 84' lang='lat' dir='ltr'>teneatur</span> <span class='ocrx_word' id='word_1_269' title='bbox 664 1305 672 1313; x_wconf 90' lang='lat'><strong>.</strong></span> <span class='ocrx_word' id='word_1_270' title='bbox 702 1277 757 1314; x_wconf 89' lang='lat' dir='ltr'>Bis</span> <span class='ocrx_word' id='word_1_271' title='bbox 775 1281 909 1321; x_wconf 80' lang='lat' dir='ltr'>auditus</span> <span class='ocrx_word' id='word_1_272' title='bbox 940 1279 1005 1314; x_wconf 89' lang='lat' dir='ltr'>fuit</span> <span class='ocrx_word' id='word_1_273' title='bbox 1023 1279 1208 1325; x_wconf 86' lang='lat' dir='ltr'>Episcopus</span> <span class='ocrx_word' id='word_1_274' title='bbox 1228 1277 1425 1315; x_wconf 77' lang='lat' dir='ltr'>Tarvisinus</span> <span class='ocrx_word' id='word_1_275' title='bbox 1439 1305 1448 1318; x_wconf 90' lang='lat'>,</span> <span class='ocrx_word' id='word_1_276' title='bbox 1473 1280 1530 1324; x_wconf 87' lang='lat' dir='ltr'>qui</span> <span class='ocrx_word' id='word_1_277' title='bbox 1544 1277 1682 1313; x_wconf 84' lang='lat' dir='ltr'>laudato</span> <span class='ocrx_word' id='word_1_278' title='bbox 1696 1276 1739 1311; x_wconf 87' lang='lat' dir='ltr'>de</span> <span class='ocrx_word' id='word_1_279' title='bbox 1761 1276 1828 1311; x_wconf 84' lang='lat' dir='ltr'>hoc</span> <span class='ocrx_word' id='word_1_280' title='bbox 1870 1318 1872 1320; x_wconf 17' lang='lat' dir='ltr'>v</span> 
     </span>
     <span class='ocr_line' id='line_1_26' title="bbox 368 1322 1827 1375; baseline -0.003 -13"><span class='ocrx_word' id='word_1_281' title='bbox 368 1328 484 1363; x_wconf 79' lang='lat' dir='ltr'>labore</span> <span class='ocrx_word' id='word_1_282' title='bbox 500 1352 510 1366; x_wconf 87' lang='lat'>‚</span> <span class='ocrx_word' id='word_1_283' title='bbox 532 1340 634 1375; x_wconf 88' lang='lat' dir='ltr'>quein</span> <span class='ocrx_word' id='word_1_284' title='bbox 662 1326 835 1374; x_wconf 87' lang='lat' dir='ltr'>suscepit,</span> <span class='ocrx_word' id='word_1_285' title='bbox 862 1328 1046 1362; x_wconf 87' lang='lat' dir='ltr'>Canonico</span> <span class='ocrx_word' id='word_1_286' title='bbox 1069 1327 1189 1362; x_wconf 83' lang='lat' dir='ltr'>Scotto</span> <span class='ocrx_word' id='word_1_287' title='bbox 1204 1352 1215 1365; x_wconf 93' lang='lat'>‚</span> <span class='ocrx_word' id='word_1_288' title='bbox 1235 1338 1316 1363; x_wconf 84' lang='lat' dir='ltr'>vera</span> <span class='ocrx_word' id='word_1_289' title='bbox 1348 1326 1411 1362; x_wconf 75' lang='lat' dir='ltr'>esse</span> <span class='ocrx_word' id='word_1_290' title='bbox 1435 1325 1537 1361; x_wconf 90' lang='lat' dir='ltr'>refert</span> <span class='ocrx_word' id='word_1_291' title='bbox 1553 1351 1564 1365; x_wconf 89' lang='lat'>‚</span> <span class='ocrx_word' id='word_1_292' title='bbox 1590 1336 1663 1371; x_wconf 76' lang='lat' dir='ltr'>quae</span> <span class='ocrx_word' id='word_1_293' title='bbox 1687 1322 1756 1369; x_wconf 84' lang='lat' dir='ltr'>ipse</span> <span class='ocrx_word' id='word_1_294' title='bbox 1780 1322 1827 1375; x_wconf 70' lang='lat' dir='ltr'>cle</span> 
     </span>
     <span class='ocr_line' id='line_1_27' title="bbox 366 1370 1829 1416; baseline -0.004 -5"><span class='ocrx_word' id='word_1_295' title='bbox 366 1375 436 1411; x_wconf 86' lang='lat' dir='ltr'>hoc</span> <span class='ocrx_word' id='word_1_296' title='bbox 453 1375 672 1410; x_wconf 83' lang='lat' dir='ltr'>Canonicatu</span> <span class='ocrx_word' id='word_1_297' title='bbox 690 1402 699 1415; x_wconf 88' lang='lat'>‚</span> <span class='ocrx_word' id='word_1_298' title='bbox 725 1375 866 1416; x_wconf 85' lang='lat' dir='ltr'>eiusque</span> <span class='ocrx_word' id='word_1_299' title='bbox 882 1374 1077 1410; x_wconf 74' lang='lat' dir='ltr'>Prabendis</span> <span class='ocrx_word' id='word_1_300' title='bbox 1099 1374 1271 1415; x_wconf 76' lang='lat' dir='ltr'>narravit.</span> <span class='ocrx_word' id='word_1_301' title='bbox 1297 1376 1402 1410; x_wconf 84' lang='lat' dir='ltr'>Addit</span> <span class='ocrx_word' id='word_1_302' title='bbox 1420 1399 1443 1414; x_wconf 88' lang='lat'>‚,</span> <span class='ocrx_word' id='word_1_303' title='bbox 1466 1373 1542 1410; x_wconf 89' lang='lat' dir='ltr'>Che</span> <span class='ocrx_word' id='word_1_304' title='bbox 1555 1373 1578 1407; x_wconf 92' lang='lat' dir='ltr'>il</span> <span class='ocrx_word' id='word_1_305' title='bbox 1597 1373 1656 1407; x_wconf 89' lang='lat' dir='ltr'>suo</span> <span class='ocrx_word' id='word_1_306' title='bbox 1668 1370 1829 1406; x_wconf 80' lang='lat' dir='ltr'>Canoni-</span> 
     </span>
     <span class='ocr_line' id='line_1_28' title="bbox 367 1417 1828 1469; baseline -0.003 -13"><span class='ocrx_word' id='word_1_307' title='bbox 367 1449 395 1464; x_wconf 87' lang='lat'>‚,</span> <span class='ocrx_word' id='word_1_308' title='bbox 420 1431 498 1457; x_wconf 88' lang='lat' dir='ltr'>cato</span> <span class='ocrx_word' id='word_1_309' title='bbox 514 1422 532 1456; x_wconf 85' lang='grc' dir='ltr'>ὲ</span> <span class='ocrx_word' id='word_1_310' title='bbox 548 1433 617 1456; x_wconf 90' lang='lat' dir='ltr'>uno</span> <span class='ocrx_word' id='word_1_311' title='bbox 633 1422 686 1456; x_wconf 85' lang='lat' dir='ltr'>de&#39;</span> <span class='ocrx_word' id='word_1_312' title='bbox 704 1423 760 1467; x_wconf 71' lang='lat' dir='ltr'>piu</span> <span class='ocrx_word' id='word_1_313' title='bbox 777 1421 871 1457; x_wconf 73' lang='lat' dir='ltr'>scarsi</span> <span class='ocrx_word' id='word_1_314' title='bbox 893 1422 924 1455; x_wconf 92' lang='lat' dir='ltr'>di</span> <span class='ocrx_word' id='word_1_315' title='bbox 941 1422 1075 1458; x_wconf 88' lang='lat' dir='ltr'>rendita</span> <span class='ocrx_word' id='word_1_316' title='bbox 1101 1421 1134 1456; x_wconf 91' lang='lat' dir='ltr'>di</span> <span class='ocrx_word' id='word_1_317' title='bbox 1159 1421 1243 1456; x_wconf 88' lang='lat' dir='ltr'>tutti</span> <span class='ocrx_word' id='word_1_318' title='bbox 1269 1423 1315 1469; x_wconf 88' lang='lat' dir='ltr'>gl’</span> <span class='ocrx_word' id='word_1_319' title='bbox 1329 1421 1409 1457; x_wconf 88' lang='lat' dir='ltr'>altri</span> <span class='ocrx_word' id='word_1_320' title='bbox 1424 1421 1456 1457; x_wconf 85' lang='lat' dir='ltr'>di</span> <span class='ocrx_word' id='word_1_321' title='bbox 1475 1419 1589 1467; x_wconf 86' lang='lat' dir='ltr'>questa</span> <span class='ocrx_word' id='word_1_322' title='bbox 1611 1417 1798 1453; x_wconf 84' lang='lat' dir='ltr'>Catedrale</span> <span class='ocrx_word' id='word_1_323' title='bbox 1816 1442 1828 1458; x_wconf 87' lang='lat'><strong>,</strong></span> 
     </span>
     <span class='ocr_line' id='line_1_29' title="bbox 367 1464 1828 1515; baseline -0.004 -11"><span class='ocrx_word' id='word_1_324' title='bbox 367 1494 391 1510; x_wconf 86' lang='lat'>„</span> <span class='ocrx_word' id='word_1_325' title='bbox 417 1469 539 1514; x_wconf 76' lang='lat' dir='ltr'>poiche</span> <span class='ocrx_word' id='word_1_326' title='bbox 551 1469 696 1503; x_wconf 84' lang='lat' dir='ltr'>detratti</span> <span class='ocrx_word' id='word_1_327' title='bbox 717 1470 988 1515; x_wconf 80' lang='lat' dir='ltr'>gl²anniversarj</span> <span class='ocrx_word' id='word_1_328' title='bbox 1003 1495 1013 1508; x_wconf 84' lang='lat'><em>‚</em></span> <span class='ocrx_word' id='word_1_329' title='bbox 1039 1482 1107 1504; x_wconf 89' lang='lat' dir='ltr'>non</span> <span class='ocrx_word' id='word_1_330' title='bbox 1124 1468 1266 1513; x_wconf 85' lang='lat' dir='ltr'>arrivaa</span> <span class='ocrx_word' id='word_1_331' title='bbox 1291 1474 1360 1515; x_wconf 77' lang='lat'>158.</span> <span class='ocrx_word' id='word_1_332' title='bbox 1375 1467 1487 1504; x_wconf 85' lang='lat' dir='ltr'>ducati</span> <span class='ocrx_word' id='word_1_333' title='bbox 1512 1467 1661 1502; x_wconf 87' lang='lat' dir='ltr'>correnti</span> <span class='ocrx_word' id='word_1_334' title='bbox 1685 1464 1717 1499; x_wconf 90' lang='lat' dir='ltr'>di</span> <span class='ocrx_word' id='word_1_335' title='bbox 1734 1476 1828 1512; x_wconf 91' lang='lat' dir='ltr'>que-</span> 
     </span>
     <span class='ocr_line' id='line_1_30' title="bbox 368 1514 1827 1564; baseline -0.003 -14"><span class='ocrx_word' id='word_1_336' title='bbox 368 1542 393 1558; x_wconf 77' lang='lat'>„</span> <span class='ocrx_word' id='word_1_337' title='bbox 420 1516 463 1550; x_wconf 84' lang='lat' dir='ltr'>sta</span> <span class='ocrx_word' id='word_1_338' title='bbox 480 1525 619 1551; x_wconf 82' lang='lat' dir='ltr'>moneta</span> <span class='ocrx_word' id='word_1_339' title='bbox 674 1520 742 1551; x_wconf 86' lang='lat' dir='ltr'>non</span> <span class='ocrx_word' id='word_1_340' title='bbox 755 1516 931 1563; x_wconf 87' lang='lat' dir='ltr'>comprese</span> <span class='ocrx_word' id='word_1_341' title='bbox 946 1518 1035 1564; x_wconf 78' lang='lat' dir='ltr'>pero</span> <span class='ocrx_word' id='word_1_342' title='bbox 1048 1517 1079 1552; x_wconf 87' lang='lat' dir='ltr'>le</span> <span class='ocrx_word' id='word_1_343' title='bbox 1090 1528 1175 1563; x_wconf 87' lang='lat' dir='ltr'>poco</span> <span class='ocrx_word' id='word_1_344' title='bbox 1188 1516 1348 1553; x_wconf 80' lang='lat' dir='ltr'>rilevanri</span> <span class='ocrx_word' id='word_1_345' title='bbox 1367 1515 1602 1556; x_wconf 80' lang='lat' dir='ltr'>distribuzioni</span> <span class='ocrx_word' id='word_1_346' title='bbox 1618 1525 1678 1560; x_wconf 87' lang='lat' dir='ltr'>per</span> <span class='ocrx_word' id='word_1_347' title='bbox 1690 1514 1724 1547; x_wconf 85' lang='lat' dir='ltr'>la</span> <span class='ocrx_word' id='word_1_348' title='bbox 1739 1522 1827 1558; x_wconf 90' lang='lat' dir='ltr'>quo-</span> 
     </span>
     <span class='ocr_line' id='line_1_31' title="bbox 367 1560 1824 1612; baseline -0.003 -14"><span class='ocrx_word' id='word_1_349' title='bbox 367 1588 393 1606; x_wconf 87' lang='lat'>„</span> <span class='ocrx_word' id='word_1_350' title='bbox 418 1564 545 1599; x_wconf 86' lang='lat' dir='ltr'>tidiana</span> <span class='ocrx_word' id='word_1_351' title='bbox 566 1563 740 1600; x_wconf 78' lang='lat' dir='ltr'>refidenza</span> <span class='ocrx_word' id='word_1_352' title='bbox 760 1588 771 1599; x_wconf 89' lang='lat'><strong><em>.</em></strong></span> <span class='ocrx_word' id='word_1_353' title='bbox 794 1569 854 1599; x_wconf 71' lang='lat' dir='ltr'>Aa</span> <span class='ocrx_word' id='word_1_354' title='bbox 868 1577 936 1600; x_wconf 81' lang='lat' dir='ltr'>rem</span> <span class='ocrx_word' id='word_1_355' title='bbox 951 1566 1038 1601; x_wconf 69' lang='lat' dir='ltr'>‘vero</span> <span class='ocrx_word' id='word_1_356' title='bbox 1049 1567 1194 1612; x_wconf 73' lang='lat' dir='ltr'>propius</span> <span class='ocrx_word' id='word_1_357' title='bbox 1208 1566 1368 1601; x_wconf 69' lang='lat' dir='ltr'>accedens</span> <span class='ocrx_word' id='word_1_358' title='bbox 1378 1573 1485 1611; x_wconf 61' lang='lat' dir='ltr'>putat</span> <span class='ocrx_word' id='word_1_359' title='bbox 1497 1575 1596 1598; x_wconf 87' lang='lat' dir='ltr'>onera</span> <span class='ocrx_word' id='word_1_360' title='bbox 1614 1560 1824 1610; x_wconf 70' lang='lat' dir='ltr'>72raebe3zda-</span> 
     </span>
     <span class='ocr_line' id='line_1_32' title="bbox 367 1607 1828 1657; baseline -0.005 -11"><span class='ocrx_word' id='word_1_361' title='bbox 367 1637 392 1652; x_wconf 85' lang='lat'>,‚</span> <span class='ocrx_word' id='word_1_362' title='bbox 419 1624 492 1647; x_wconf 81' lang='lat' dir='ltr'>rum</span> <span class='ocrx_word' id='word_1_363' title='bbox 511 1614 677 1648; x_wconf 57' lang='lat' dir='ltr'>erecffione</span> <span class='ocrx_word' id='word_1_364' title='bbox 697 1609 920 1647; x_wconf 68' lang='lat' dir='ltr'>eanonicatus</span> <span class='ocrx_word' id='word_1_365' title='bbox 943 1621 1075 1647; x_wconf 79' lang='lat' dir='ltr'>mutata</span> <span class='ocrx_word' id='word_1_366' title='bbox 1097 1614 1123 1654; x_wconf 72' lang='lat' dir='ltr'>fl</span> <span class='ocrx_word' id='word_1_367' title='bbox 1140 1611 1195 1655; x_wconf 77' lang='lat' dir='ltr'>isse</span> <span class='ocrx_word' id='word_1_368' title='bbox 1210 1637 1220 1654; x_wconf 81' lang='lat'>,</span> <span class='ocrx_word' id='word_1_369' title='bbox 1244 1622 1262 1644; x_wconf 90' lang='lat' dir='ltr'>e</span> <span class='ocrx_word' id='word_1_370' title='bbox 1283 1611 1344 1646; x_wconf 86' lang='lat' dir='ltr'>che</span> <span class='ocrx_word' id='word_1_371' title='bbox 1363 1611 1522 1656; x_wconf 84' lang='lat' dir='ltr'>cangiato</span> <span class='ocrx_word' id='word_1_372' title='bbox 1534 1609 1558 1643; x_wconf 91' lang='lat' dir='ltr'>il</span> <span class='ocrx_word' id='word_1_373' title='bbox 1583 1607 1690 1642; x_wconf 88' lang='lat' dir='ltr'>titolo</span> <span class='ocrx_word' id='word_1_374' title='bbox 1708 1608 1748 1657; x_wconf 41' lang='lat' dir='ltr'>di·</span> <span class='ocrx_word' id='word_1_375' title='bbox 1764 1607 1828 1641; x_wconf 80' lang='lat' dir='ltr'>Sa-</span> 
     </span>
     <span class='ocr_line' id='line_1_33' title="bbox 367 1652 1827 1705; baseline -0.005 -12"><span class='ocrx_word' id='word_1_376' title='bbox 367 1684 391 1699; x_wconf 82' lang='lat'>„</span> <span class='ocrx_word' id='word_1_377' title='bbox 418 1659 584 1693; x_wconf 88' lang='lat' dir='ltr'>cerdotale</span> <span class='ocrx_word' id='word_1_378' title='bbox 600 1684 609 1697; x_wconf 91' lang='lat'><strong>,</strong></span> <span class='ocrx_word' id='word_1_379' title='bbox 635 1659 793 1705; x_wconf 82' lang='lat' dir='ltr'>cangiate</span> <span class='ocrx_word' id='word_1_380' title='bbox 810 1670 892 1703; x_wconf 87' lang='lat' dir='ltr'>pure</span> <span class='ocrx_word' id='word_1_381' title='bbox 923 1658 1045 1694; x_wconf 79' lang='lat' dir='ltr'>fossero</span> <span class='ocrx_word' id='word_1_382' title='bbox 1071 1659 1110 1692; x_wconf 88' lang='lat' dir='ltr'>ad</span> <span class='ocrx_word' id='word_1_383' title='bbox 1128 1668 1173 1691; x_wconf 83' lang='lat' dir='ltr'>un</span> <span class='ocrx_word' id='word_1_384' title='bbox 1191 1667 1304 1703; x_wconf 86' lang='lat' dir='ltr'>tempo</span> <span class='ocrx_word' id='word_1_385' title='bbox 1327 1658 1358 1692; x_wconf 90' lang='lat' dir='ltr'>le</span> <span class='ocrx_word' id='word_1_386' title='bbox 1379 1657 1517 1693; x_wconf 69' lang='lat' dir='ltr'>antiche</span> <span class='ocrx_word' id='word_1_387' title='bbox 1540 1652 1750 1700; x_wconf 86' lang='lat' dir='ltr'>obligazioni</span> <span class='ocrx_word' id='word_1_388' title='bbox 1771 1654 1827 1687; x_wconf 88' lang='lat' dir='ltr'>ne’</span> 
     </span>
     <span class='ocr_line' id='line_1_34' title="bbox 366 1700 1828 1753; baseline -0.005 -13"><span class='ocrx_word' id='word_1_389' title='bbox 366 1730 391 1746; x_wconf 78' lang='lat'>‚‚</span> <span class='ocrx_word' id='word_1_390' title='bbox 418 1705 524 1741; x_wconf 88' lang='lat' dir='ltr'>nuovi</span> <span class='ocrx_word' id='word_1_391' title='bbox 539 1704 602 1751; x_wconf 86' lang='lat' dir='ltr'>pefi</span> <span class='ocrx_word' id='word_1_392' title='bbox 618 1717 635 1739; x_wconf 87' lang='lat' dir='ltr'>a</span> <span class='ocrx_word' id='word_1_393' title='bbox 658 1707 741 1742; x_wconf 85' lang='lat' dir='ltr'>tutti</span> <span class='ocrx_word' id='word_1_394' title='bbox 760 1707 810 1753; x_wconf 79' lang='lat' dir='ltr'>gl’</span> <span class='ocrx_word' id='word_1_395' title='bbox 823 1706 903 1741; x_wconf 86' lang='lat' dir='ltr'>altri</span> <span class='ocrx_word' id='word_1_396' title='bbox 920 1706 1088 1741; x_wconf 85' lang='lat' dir='ltr'>Canonici</span> <span class='ocrx_word' id='word_1_397' title='bbox 1106 1705 1279 1741; x_wconf 70' lang='lat' dir='ltr'>communi</span> <span class='ocrx_word' id='word_1_398' title='bbox 1298 1731 1307 1744; x_wconf 89' lang='lat'><strong>,</strong></span> <span class='ocrx_word' id='word_1_399' title='bbox 1334 1717 1352 1740; x_wconf 91' lang='lat' dir='ltr'>e</span> <span class='ocrx_word' id='word_1_400' title='bbox 1367 1704 1651 1751; x_wconf 84' lang='lat' dir='ltr'>principalmente</span> <span class='ocrx_word' id='word_1_401' title='bbox 1665 1700 1758 1735; x_wconf 83' lang='lat' dir='ltr'>neila</span> <span class='ocrx_word' id='word_1_402' title='bbox 1775 1710 1828 1734; x_wconf 84' lang='lat' dir='ltr'>re-</span> 
     </span>
     <span class='ocr_line' id='line_1_35' title="bbox 367 1748 1829 1797; baseline -0.005 -10"><span class='ocrx_word' id='word_1_403' title='bbox 367 1777 392 1796; x_wconf 83' lang='lat'>„</span> <span class='ocrx_word' id='word_1_404' title='bbox 418 1751 550 1787; x_wconf 84' lang='lat' dir='ltr'>sidenza</span> <span class='ocrx_word' id='word_1_405' title='bbox 564 1779 575 1792; x_wconf 90' lang='lat'>,</span> <span class='ocrx_word' id='word_1_406' title='bbox 601 1765 619 1786; x_wconf 87' lang='lat' dir='ltr'>e</span> <span class='ocrx_word' id='word_1_407' title='bbox 637 1754 728 1788; x_wconf 88' lang='lat' dir='ltr'>nella</span> <span class='ocrx_word' id='word_1_408' title='bbox 744 1754 1015 1788; x_wconf 86' lang='lat' dir='ltr'>immemorabile</span> <span class='ocrx_word' id='word_1_409' title='bbox 1039 1751 1286 1789; x_wconf 60' lang='lat' dir='ltr'>consuetudine</span> <span class='ocrx_word' id='word_1_410' title='bbox 1304 1752 1338 1786; x_wconf 87' lang='lat' dir='ltr'>di</span> <span class='ocrx_word' id='word_1_411' title='bbox 1352 1751 1464 1797; x_wconf 86' lang='lat' dir='ltr'>questa</span> <span class='ocrx_word' id='word_1_412' title='bbox 1482 1749 1605 1785; x_wconf 87' lang='lat' dir='ltr'>Chiesa</span> <span class='ocrx_word' id='word_1_413' title='bbox 1620 1748 1652 1782; x_wconf 83' lang='lat' dir='ltr'>di</span> <span class='ocrx_word' id='word_1_414' title='bbox 1673 1748 1829 1782; x_wconf 84' lang='lat' dir='ltr'>celebra-</span> 
     </span>
     <span class='ocr_line' id='line_1_36' title="bbox 367 1795 1827 1846; baseline -0.005 -12"><span class='ocrx_word' id='word_1_415' title='bbox 367 1826 391 1840; x_wconf 77' lang='lat'><em>„</em></span> <span class='ocrx_word' id='word_1_416' title='bbox 417 1811 453 1834; x_wconf 83' lang='lat' dir='ltr'>re</span> <span class='ocrx_word' id='word_1_417' title='bbox 466 1825 476 1839; x_wconf 84' lang='lat'>,</span> <span class='ocrx_word' id='word_1_418' title='bbox 502 1800 539 1834; x_wconf 90' lang='lat' dir='ltr'>ed</span> <span class='ocrx_word' id='word_1_419' title='bbox 558 1800 724 1844; x_wconf 86' lang='lat' dir='ltr'>applicare</span> <span class='ocrx_word' id='word_1_420' title='bbox 740 1800 771 1836; x_wconf 84' lang='lat' dir='ltr'>le</span> <span class='ocrx_word' id='word_1_421' title='bbox 789 1799 893 1835; x_wconf 74' lang='lat' dir='ltr'>Messe</span> <span class='ocrx_word' id='word_1_422' title='bbox 911 1800 945 1835; x_wconf 88' lang='lat' dir='ltr'>in</span> <span class='ocrx_word' id='word_1_423' title='bbox 962 1799 1119 1846; x_wconf 85' lang='lat' dir='ltr'>suffragio</span> <span class='ocrx_word' id='word_1_424' title='bbox 1135 1797 1409 1834; x_wconf 80' lang='lat' dir='ltr'>de³Benefattori</span> <span class='ocrx_word' id='word_1_425' title='bbox 1426 1798 1644 1834; x_wconf 86' lang='lat' dir='ltr'>ciascheduna</span> <span class='ocrx_word' id='word_1_426' title='bbox 1674 1795 1827 1829; x_wconf 82' lang='lat' dir='ltr'>settima-</span> 
     </span>
     <span class='ocr_line' id='line_1_37' title="bbox 365 1845 1830 1893; baseline -0.004 -12"><span class='ocrx_word' id='word_1_427' title='bbox 365 1872 391 1888; x_wconf 70' lang='lat'>2,</span> <span class='ocrx_word' id='word_1_428' title='bbox 418 1858 458 1881; x_wconf 84' lang='lat' dir='ltr'>na</span> <span class='ocrx_word' id='word_1_429' title='bbox 476 1846 515 1880; x_wconf 84' lang='lat' dir='ltr'>da</span> <span class='ocrx_word' id='word_1_430' title='bbox 533 1858 577 1881; x_wconf 90' lang='lat' dir='ltr'>un</span> <span class='ocrx_word' id='word_1_431' title='bbox 591 1846 769 1882; x_wconf 66' lang='lat' dir='ltr'>canonico</span> <span class='ocrx_word' id='word_1_432' title='bbox 784 1860 802 1882; x_wconf 87' lang='lat' dir='ltr'>a</span> <span class='ocrx_word' id='word_1_433' title='bbox 818 1848 963 1882; x_wconf 87' lang='lat' dir='ltr'>vicenda</span> <span class='ocrx_word' id='word_1_434' title='bbox 979 1873 990 1893; x_wconf 54' lang='lat'><em>3</em></span> <span class='ocrx_word' id='word_1_435' title='bbox 1016 1848 1052 1882; x_wconf 86' lang='lat' dir='ltr'>la</span> <span class='ocrx_word' id='word_1_436' title='bbox 1075 1848 1155 1893; x_wconf 88' lang='lat' dir='ltr'>qual</span> <span class='ocrx_word' id='word_1_437' title='bbox 1169 1848 1245 1881; x_wconf 77' lang='lat' dir='ltr'>cola</span> <span class='ocrx_word' id='word_1_438' title='bbox 1278 1845 1435 1882; x_wconf 86' lang='lat' dir='ltr'>chiamafi</span> <span class='ocrx_word' id='word_1_439' title='bbox 1451 1850 1743 1888; x_wconf 85' lang='lat' dir='ltr'>communemente</span> <span class='ocrx_word' id='word_1_440' title='bbox 1767 1852 1830 1888; x_wconf 80' lang='lat' dir='ltr'>pei·</span> 
     </span>
     <span class='ocr_line' id='line_1_38' title="bbox 368 1889 1828 1935; baseline -0.004 -7"><span class='ocrx_word' id='word_1_441' title='bbox 368 1920 393 1935; x_wconf 81' lang='grc'>,,</span> <span class='ocrx_word' id='word_1_442' title='bbox 417 1893 643 1928; x_wconf 82' lang='lat' dir='ltr'>antichiflima</span> <span class='ocrx_word' id='word_1_443' title='bbox 668 1894 955 1929; x_wconf 88' lang='lat' dir='ltr'>denominazione</span> <span class='ocrx_word' id='word_1_444' title='bbox 970 1920 980 1933; x_wconf 89' lang='lat'>,</span> <span class='ocrx_word' id='word_1_445' title='bbox 1001 1893 1198 1930; x_wconf 86' lang='lat' dir='ltr'>Currerein</span> <span class='ocrx_word' id='word_1_446' title='bbox 1229 1893 1365 1928; x_wconf 81' lang='lat' dir='ltr'>Tabula</span> <span class='ocrx_word' id='word_1_447' title='bbox 1382 1920 1403 1934; x_wconf 86' lang='lat'>‚‚</span> <span class='ocrx_word' id='word_1_448' title='bbox 1421 1918 1431 1929; x_wconf 90' lang='lat'><strong>.</strong></span> <span class='ocrx_word' id='word_1_449' title='bbox 1453 1894 1557 1927; x_wconf 82' lang='lat' dir='ltr'>Hanc</span> <span class='ocrx_word' id='word_1_450' title='bbox 1571 1891 1661 1925; x_wconf 87' lang='lat' dir='ltr'>suam</span> <span class='ocrx_word' id='word_1_451' title='bbox 1687 1889 1828 1924; x_wconf 81' lang='lat' dir='ltr'>senten-—</span> 
     </span>
     <span class='ocr_line' id='line_1_39' title="bbox 367 1937 1824 1988; baseline -0.004 -12"><span class='ocrx_word' id='word_1_452' title='bbox 367 1946 451 1976; x_wconf 73' lang='lat' dir='ltr'>tiam</span> <span class='ocrx_word' id='word_1_453' title='bbox 463 1943 582 1988; x_wconf 86' lang='lat' dir='ltr'>probat</span> <span class='ocrx_word' id='word_1_454' title='bbox 607 1941 785 1987; x_wconf 76' lang='lat' dir='ltr'>Episcopus</span> <span class='ocrx_word' id='word_1_455' title='bbox 799 1951 869 1977; x_wconf 89' lang='lat' dir='ltr'>tum</span> <span class='ocrx_word' id='word_1_456' title='bbox 885 1953 926 1976; x_wconf 88' lang='lat' dir='ltr'>ex</span> <span class='ocrx_word' id='word_1_457' title='bbox 938 1942 1167 1988; x_wconf 81' lang='lat' dir='ltr'>antiquissima</span> <span class='ocrx_word' id='word_1_458' title='bbox 1182 1940 1286 1975; x_wconf 89' lang='lat' dir='ltr'>trium</span> <span class='ocrx_word' id='word_1_459' title='bbox 1309 1941 1509 1976; x_wconf 66' lang='lat' dir='ltr'>saeculorum</span> <span class='ocrx_word' id='word_1_460' title='bbox 1521 1937 1824 1988; x_wconf 71' lang='lat' dir='ltr'>observantiaom-</span> 
     </span>
     <span class='ocr_line' id='line_1_40' title="bbox 368 1983 1827 2033; baseline -0.004 -9"><span class='ocrx_word' id='word_1_461' title='bbox 368 1990 465 2025; x_wconf 89' lang='lat' dir='ltr'>nium</span> <span class='ocrx_word' id='word_1_462' title='bbox 497 1988 753 2023; x_wconf 89' lang='lat' dir='ltr'>Canonicorum</span> <span class='ocrx_word' id='word_1_463' title='bbox 773 1989 1053 2026; x_wconf 63' lang='lat' dir='ltr'>Praedecefforum</span> <span class='ocrx_word' id='word_1_464' title='bbox 1070 2015 1080 2028; x_wconf 89' lang='lat'>‚</span> <span class='ocrx_word' id='word_1_465' title='bbox 1104 1998 1175 2023; x_wconf 87' lang='lat' dir='ltr'>tum</span> <span class='ocrx_word' id='word_1_466' title='bbox 1201 2000 1242 2022; x_wconf 84' lang='lat' dir='ltr'>ex</span> <span class='ocrx_word' id='word_1_467' title='bbox 1264 1989 1418 2033; x_wconf 87' lang='lat' dir='ltr'>pluribus</span> <span class='ocrx_word' id='word_1_468' title='bbox 1437 1985 1672 2031; x_wconf 84' lang='lat' dir='ltr'>Episcoporum</span> <span class='ocrx_word' id='word_1_469' title='bbox 1697 1983 1827 2033; x_wconf 73' lang='lat' dir='ltr'>Visita-</span> 
     </span>
     <span class='ocr_line' id='line_1_41' title="bbox 367 2031 1827 2082; baseline -0.006 -10"><span class='ocrx_word' id='word_1_470' title='bbox 367 2035 525 2072; x_wconf 74' lang='lat' dir='ltr'>tionibus</span> <span class='ocrx_word' id='word_1_471' title='bbox 546 2062 556 2075; x_wconf 89' lang='lat'><em>‚</em></span> <span class='ocrx_word' id='word_1_472' title='bbox 582 2045 652 2070; x_wconf 85' lang='lat' dir='ltr'>tum</span> <span class='ocrx_word' id='word_1_473' title='bbox 667 2036 811 2082; x_wconf 69' lang='lat' dir='ltr'>denique</span> <span class='ocrx_word' id='word_1_474' title='bbox 828 2036 1055 2072; x_wconf 86' lang='lat' dir='ltr'>vetustissimis</span> <span class='ocrx_word' id='word_1_475' title='bbox 1074 2036 1171 2080; x_wconf 84' lang='lat' dir='ltr'>ipsius</span> <span class='ocrx_word' id='word_1_476' title='bbox 1183 2034 1336 2070; x_wconf 76' lang='lat' dir='ltr'>Eccleiiae</span> <span class='ocrx_word' id='word_1_477' title='bbox 1361 2033 1577 2068; x_wconf 85' lang='lat' dir='ltr'>Cathedralis</span> <span class='ocrx_word' id='word_1_478' title='bbox 1592 2031 1827 2066; x_wconf 76' lang='lat' dir='ltr'>Constitutio-</span> 
     </span>
     <span class='ocr_line' id='line_1_42' title="bbox 368 2076 1828 2130; baseline -0.005 -12"><span class='ocrx_word' id='word_1_479' title='bbox 368 2084 468 2119; x_wconf 84' lang='lat' dir='ltr'>nibus</span> <span class='ocrx_word' id='word_1_480' title='bbox 485 2109 496 2122; x_wconf 89' lang='lat'>,</span> <span class='ocrx_word' id='word_1_481' title='bbox 525 2095 567 2118; x_wconf 86' lang='lat' dir='ltr'>ex</span> <span class='ocrx_word' id='word_1_482' title='bbox 579 2087 698 2130; x_wconf 86' lang='lat' dir='ltr'>quibus</span> <span class='ocrx_word' id='word_1_483' title='bbox 713 2083 869 2120; x_wconf 87' lang='lat' dir='ltr'>omnibus</span> <span class='ocrx_word' id='word_1_484' title='bbox 882 2084 1040 2119; x_wconf 87' lang='lat' dir='ltr'>educitur</span> <span class='ocrx_word' id='word_1_485' title='bbox 1052 2083 1244 2118; x_wconf 84' lang='lat' dir='ltr'>Canonicos</span> <span class='ocrx_word' id='word_1_486' title='bbox 1265 2083 1297 2124; x_wconf 69' lang='lat' dir='ltr'>S,</span> <span class='ocrx_word' id='word_1_487' title='bbox 1313 2082 1430 2117; x_wconf 72' lang='lat' dir='ltr'>Mariae</span> <span class='ocrx_word' id='word_1_488' title='bbox 1447 2092 1516 2115; x_wconf 87' lang='lat' dir='ltr'>non</span> <span class='ocrx_word' id='word_1_489' title='bbox 1530 2079 1597 2115; x_wconf 84' lang='lat' dir='ltr'>alia</span> <span class='ocrx_word' id='word_1_490' title='bbox 1612 2076 1724 2113; x_wconf 78' lang='lat' dir='ltr'>tulisse</span> <span class='ocrx_word' id='word_1_491' title='bbox 1737 2088 1828 2111; x_wconf 91' lang='lat' dir='ltr'>one-</span> 
     </span>
     <span class='ocr_line' id='line_1_43' title="bbox 369 2126 1825 2213; baseline -0.004 -46"><span class='ocrx_word' id='word_1_492' title='bbox 369 2142 438 2213; x_wconf 47' lang='lat' dir='ltr'>ra}</span> <span class='ocrx_word' id='word_1_493' title='bbox 453 2141 554 2176; x_wconf 89' lang='lat' dir='ltr'>quam</span> <span class='ocrx_word' id='word_1_494' title='bbox 568 2130 854 2178; x_wconf 58' lang='lat' dir='ltr'>sacrorumjuata</span> <span class='ocrx_word' id='word_1_495' title='bbox 874 2133 1144 2178; x_wconf 59' lang='lat' dir='ltr'>confitetudinem</span> <span class='ocrx_word' id='word_1_496' title='bbox 1164 2130 1310 2174; x_wconf 62' lang='lat' dir='ltr'>Ecclesia</span> <span class='ocrx_word' id='word_1_497' title='bbox 1324 2154 1335 2174; x_wconf 63' lang='lat'>³,</span> <span class='ocrx_word' id='word_1_498' title='bbox 1360 2139 1482 2177; x_wconf 86' lang='lat' dir='ltr'>nempe</span> <span class='ocrx_word' id='word_1_499' title='bbox 1495 2139 1568 2170; x_wconf 71' lang='lat' dir='ltr'>cum</span> <span class='ocrx_word' id='word_1_500' title='bbox 1584 2137 1680 2164; x_wconf 79' lang='lat' dir='ltr'>onere</span> <span class='ocrx_word' id='word_1_501' title='bbox 1694 2148 1703 2163; x_wconf 76' lang='lat'><em>2</em></span> <span class='ocrx_word' id='word_1_502' title='bbox 1734 2132 1773 2158; x_wconf 81' lang='lat' dir='ltr'>ut</span> <span class='ocrx_word' id='word_1_503' title='bbox 1788 2126 1825 2161; x_wconf 66' lang='lat' dir='ltr'>in</span> 
     </span>
     <span class='ocr_line' id='line_1_44' title="bbox 371 2179 524 2213; baseline 0 -1"><span class='ocrx_word' id='word_1_504' title='bbox 371 2181 413 2212; x_wconf 77' lang='lat' dir='ltr'>Ta</span> <span class='ocrx_word' id='word_1_505' title='bbox 444 2179 499 2213; x_wconf 52' lang='lat' dir='ltr'>ala</span> <span class='ocrx_word' id='word_1_506' title='bbox 516 2202 524 2212; x_wconf 86' lang='lat'>.</span> 
     </span>
    </p>

    <p class='ocr_par' dir='ltr' id='par_1_5' title="bbox 321 2219 1841 2793">
     <span class='ocr_line' id='line_1_45' title="bbox 321 2219 1828 2275; baseline -0.011 -3"><span class='ocrx_word' id='word_1_507' title='bbox 321 2225 439 2271; x_wconf 80' lang='lat' dir='ltr'>Pergit</span> <span class='ocrx_word' id='word_1_508' title='bbox 453 2223 636 2271; x_wconf 85' lang='lat' dir='ltr'>Episcopus</span> <span class='ocrx_word' id='word_1_509' title='bbox 646 2255 655 2267; x_wconf 87' lang='lat'>‚</span> <span class='ocrx_word' id='word_1_510' title='bbox 676 2237 777 2274; x_wconf 86' lang='lat' dir='ltr'>atque</span> <span class='ocrx_word' id='word_1_511' title='bbox 792 2229 985 2275; x_wconf 89' lang='lat' dir='ltr'>quodlicet</span> <span class='ocrx_word' id='word_1_512' title='bbox 1000 2240 1098 2265; x_wconf 87' lang='lat' dir='ltr'>onera</span> <span class='ocrx_word' id='word_1_513' title='bbox 1116 2241 1132 2264; x_wconf 88' lang='lat' dir='ltr'>a</span> <span class='ocrx_word' id='word_1_514' title='bbox 1145 2226 1292 2273; x_wconf 85' lang='lat' dir='ltr'>Monigo</span> <span class='ocrx_word' id='word_1_515' title='bbox 1303 2227 1378 2262; x_wconf 81' lang='lat' dir='ltr'>data</span> <span class='ocrx_word' id='word_1_516' title='bbox 1390 2224 1565 2262; x_wconf 87' lang='lat' dir='ltr'>substineri</span> <span class='ocrx_word' id='word_1_517' title='bbox 1578 2220 1668 2273; x_wconf 56' lang='grc' dir='ltr'>ροβε</span> <span class='ocrx_word' id='word_1_518' title='bbox 1681 2219 1828 2272; x_wconf 76' lang='lat' dir='ltr'>videan—</span> 
     </span>
     <span class='ocr_line' id='line_1_46' title="bbox 370 2270 1826 2319; baseline -0.002 -10"><span class='ocrx_word' id='word_1_519' title='bbox 370 2282 424 2308; x_wconf 86' lang='lat' dir='ltr'>tur</span> <span class='ocrx_word' id='word_1_520' title='bbox 440 2272 482 2307; x_wconf 86' lang='lat' dir='ltr'>ob</span> <span class='ocrx_word' id='word_1_521' title='bbox 509 2284 752 2319; x_wconf 84' lang='lat' dir='ltr'>augumentum</span> <span class='ocrx_word' id='word_1_522' title='bbox 774 2277 965 2312; x_wconf 82' lang='lat' dir='ltr'>reddituum</span> <span class='ocrx_word' id='word_1_523' title='bbox 996 2278 1117 2312; x_wconf 64' lang='lat' dir='ltr'>factum</span> <span class='ocrx_word' id='word_1_524' title='bbox 1140 2288 1156 2310; x_wconf 90' lang='lat' dir='ltr'>a</span> <span class='ocrx_word' id='word_1_525' title='bbox 1181 2274 1417 2310; x_wconf 85' lang='lat' dir='ltr'>Brancasecchi</span> <span class='ocrx_word' id='word_1_526' title='bbox 1435 2276 1468 2308; x_wconf 82' lang='lat' dir='ltr'>in</span> <span class='ocrx_word' id='word_1_527' title='bbox 1495 2270 1690 2305; x_wconf 86' lang='lat' dir='ltr'>fundatione</span> <span class='ocrx_word' id='word_1_528' title='bbox 1714 2275 1826 2302; x_wconf 69' lang='lat' dir='ltr'>tertlae</span> 
     </span>
     <span class='ocr_line' id='line_1_47' title="bbox 368 2313 1826 2369; baseline 0.002 -14"><span class='ocrx_word' id='word_1_529' title='bbox 368 2319 566 2357; x_wconf 64' lang='lat' dir='ltr'>Praebendae</span> <span class='ocrx_word' id='word_1_530' title='bbox 580 2347 588 2362; x_wconf 87' lang='lat'><strong>,</strong></span> <span class='ocrx_word' id='word_1_531' title='bbox 612 2333 675 2367; x_wconf 85' lang='lat' dir='ltr'>qua</span> <span class='ocrx_word' id='word_1_532' title='bbox 693 2322 867 2357; x_wconf 90' lang='lat' dir='ltr'>secundam</span> <span class='ocrx_word' id='word_1_533' title='bbox 895 2322 1131 2362; x_wconf 85' lang='lat' dir='ltr'>confirmavit,</span> <span class='ocrx_word' id='word_1_534' title='bbox 1158 2322 1318 2367; x_wconf 84' lang='lat' dir='ltr'>nullaque</span> <span class='ocrx_word' id='word_1_535' title='bbox 1334 2332 1436 2356; x_wconf 88' lang='lat' dir='ltr'>onera</span> <span class='ocrx_word' id='word_1_536' title='bbox 1454 2319 1576 2369; x_wconf 67' lang='lat' dir='ltr'>adiecit</span> <span class='ocrx_word' id='word_1_537' title='bbox 1590 2343 1600 2356; x_wconf 84' lang='lat'>‚</span> <span class='ocrx_word' id='word_1_538' title='bbox 1625 2313 1755 2366; x_wconf 63' lang='lat' dir='ltr'>nullam</span> <span class='ocrx_word' id='word_1_539' title='bbox 1774 2324 1826 2347; x_wconf 69' lang='lat'>¹³·</span> 
     </span>
     <span class='ocr_line' id='line_1_48' title="bbox 366 2365 1827 2416; baseline -0.005 -14"><span class='ocrx_word' id='word_1_540' title='bbox 366 2379 444 2402; x_wconf 84' lang='lat' dir='ltr'>men</span> <span class='ocrx_word' id='word_1_541' title='bbox 457 2368 495 2401; x_wconf 90' lang='lat' dir='ltr'>de</span> <span class='ocrx_word' id='word_1_542' title='bbox 512 2368 575 2403; x_wconf 87' lang='lat' dir='ltr'>hoc</span> <span class='ocrx_word' id='word_1_543' title='bbox 590 2378 796 2416; x_wconf 84' lang='lat' dir='ltr'>augumento</span> <span class='ocrx_word' id='word_1_544' title='bbox 809 2370 996 2406; x_wconf 82' lang='lat' dir='ltr'>habendam</span> <span class='ocrx_word' id='word_1_545' title='bbox 1021 2371 1086 2405; x_wconf 87' lang='lat' dir='ltr'>esse</span> <span class='ocrx_word' id='word_1_546' title='bbox 1111 2371 1277 2405; x_wconf 85' lang='lat' dir='ltr'>rationem</span> <span class='ocrx_word' id='word_1_547' title='bbox 1301 2371 1415 2403; x_wconf 87' lang='lat' dir='ltr'>verius</span> <span class='ocrx_word' id='word_1_548' title='bbox 1440 2368 1550 2403; x_wconf 87' lang='lat' dir='ltr'>videri</span> <span class='ocrx_word' id='word_1_549' title='bbox 1575 2365 1620 2399; x_wconf 90' lang='lat' dir='ltr'>ob</span> <span class='ocrx_word' id='word_1_550' title='bbox 1641 2372 1827 2397; x_wconf 80' lang='lat' dir='ltr'>maximam</span> 
     </span>
     <span class='ocr_line' id='line_1_49' title="bbox 366 2411 1841 2465; baseline 0.005 -16"><span class='ocrx_word' id='word_1_551' title='bbox 366 2415 564 2450; x_wconf 74' lang='lat' dir='ltr'>reddituum</span> <span class='ocrx_word' id='word_1_552' title='bbox 577 2416 838 2455; x_wconf 86' lang='lat' dir='ltr'>diminutionem</span> <span class='ocrx_word' id='word_1_553' title='bbox 851 2443 862 2457; x_wconf 86' lang='lat'>,</span> <span class='ocrx_word' id='word_1_554' title='bbox 888 2429 989 2465; x_wconf 89' lang='lat' dir='ltr'>quam</span> <span class='ocrx_word' id='word_1_555' title='bbox 1003 2417 1091 2465; x_wconf 84' lang='lat' dir='ltr'>passa</span> <span class='ocrx_word' id='word_1_556' title='bbox 1104 2417 1151 2455; x_wconf 88' lang='lat' dir='ltr'>est</span> <span class='ocrx_word' id='word_1_557' title='bbox 1173 2416 1352 2451; x_wconf 77' lang='lat' dir='ltr'>Praebenda</span> <span class='ocrx_word' id='word_1_558' title='bbox 1366 2442 1376 2456; x_wconf 87' lang='lat'>‚</span> <span class='ocrx_word' id='word_1_559' title='bbox 1403 2411 1550 2460; x_wconf 74' lang='lat' dir='ltr'>effendOfi</span> <span class='ocrx_word' id='word_1_560' title='bbox 1566 2413 1715 2458; x_wconf 53' lang='lat' dir='ltr'>pem-&#39;1¹5⁰</span> <span class='ocrx_word' id='word_1_561' title='bbox 1728 2434 1739 2448; x_wconf 75' lang='lat'><strong>³</strong></span> <span class='ocrx_word' id='word_1_562' title='bbox 1760 2415 1841 2464; x_wconf 50' lang='lat' dir='ltr'>Pe&#39;ss&#39;</span> 
     </span>
     <span class='ocr_line' id='line_1_50' title="bbox 366 2458 1826 2511; baseline -0.002 -17"><span class='ocrx_word' id='word_1_563' title='bbox 366 2473 496 2506; x_wconf 75' lang='lat' dir='ltr'>quanto</span> <span class='ocrx_word' id='word_1_564' title='bbox 517 2462 585 2509; x_wconf 66' lang='lat' dir='ltr'>pud</span> <span class='ocrx_word' id='word_1_565' title='bbox 610 2464 879 2511; x_wconf 61' lang='lat' dir='ltr'>congetturarsi,</span> <span class='ocrx_word' id='word_1_566' title='bbox 903 2468 995 2501; x_wconf 80' lang='lat' dir='ltr'>circa</span> <span class='ocrx_word' id='word_1_567' title='bbox 1022 2475 1118 2502; x_wconf 82' lang='lat' dir='ltr'>cento</span> <span class='ocrx_word' id='word_1_568' title='bbox 1144 2465 1256 2509; x_wconf 61' lang='lat' dir='ltr'>campi</span> <span class='ocrx_word' id='word_1_569' title='bbox 1277 2464 1313 2498; x_wconf 87' lang='lat' dir='ltr'>di</span> <span class='ocrx_word' id='word_1_570' title='bbox 1339 2472 1435 2499; x_wconf 86' lang='lat' dir='ltr'>terra</span> <span class='ocrx_word' id='word_1_571' title='bbox 1451 2487 1461 2502; x_wconf 87' lang='lat'>‚</span> <span class='ocrx_word' id='word_1_572' title='bbox 1489 2474 1506 2495; x_wconf 90' lang='lat' dir='ltr'>e</span> <span class='ocrx_word' id='word_1_573' title='bbox 1535 2459 1561 2494; x_wconf 74' lang='lat' dir='ltr'>l³</span> <span class='ocrx_word' id='word_1_574' title='bbox 1575 2460 1762 2506; x_wconf 81' lang='lat' dir='ltr'>importare</span> <span class='ocrx_word' id='word_1_575' title='bbox 1792 2458 1826 2490; x_wconf 73' lang='lat' dir='ltr'>dt</span> 
     </span>
     <span class='ocr_line' id='line_1_51' title="bbox 367 2508 1824 2560; baseline -0.004 -17"><span class='ocrx_word' id='word_1_576' title='bbox 367 2509 428 2543; x_wconf 79' lang='grc' dir='ltr'>ίίν.</span> <span class='ocrx_word' id='word_1_577' title='bbox 444 2509 501 2554; x_wconf 83' lang='lat'><em>85⁶·</em></span> <span class='ocrx_word' id='word_1_578' title='bbox 518 2512 571 2545; x_wconf 82' lang='lat'>16.</span> <span class='ocrx_word' id='word_1_579' title='bbox 583 2522 646 2557; x_wconf 87' lang='lat' dir='ltr'>per</span> <span class='ocrx_word' id='word_1_580' title='bbox 663 2513 818 2550; x_wconf 79' lang='lat' dir='ltr'>Livelli3</span> <span class='ocrx_word' id='word_1_581' title='bbox 851 2515 930 2548; x_wconf 86' lang='lat' dir='ltr'>onde</span> <span class='ocrx_word' id='word_1_582' title='bbox 946 2515 983 2548; x_wconf 84' lang='lat' dir='ltr'>di</span> <span class='ocrx_word' id='word_1_583' title='bbox 995 2512 1108 2560; x_wconf 78' lang='lat' dir='ltr'>questa</span> <span class='ocrx_word' id='word_1_584' title='bbox 1123 2510 1307 2546; x_wconf 75' lang='lat' dir='ltr'>Praehenda</span> <span class='ocrx_word' id='word_1_585' title='bbox 1324 2511 1350 2545; x_wconf 78' lang='lat' dir='ltr'>l’</span> <span class='ocrx_word' id='word_1_586' title='bbox 1362 2521 1473 2544; x_wconf 77' lang='lat' dir='ltr'>annua</span> <span class='ocrx_word' id='word_1_587' title='bbox 1497 2508 1633 2542; x_wconf 44' lang='lat' dir='ltr'>rendit-*z</span> <span class='ocrx_word' id='word_1_588' title='bbox 1647 2517 1709 2540; x_wconf 89' lang='lat' dir='ltr'>non</span> <span class='ocrx_word' id='word_1_589' title='bbox 1726 2515 1824 2552; x_wconf 65' lang='lat' dir='ltr'>ecce·—</span> 
     </span>
     <span class='ocr_line' id='line_1_52' title="bbox 367 2552 1828 2604; baseline -0.003 -15"><span class='ocrx_word' id='word_1_590' title='bbox 367 2557 407 2589; x_wconf 85' lang='lat' dir='ltr'>de</span> <span class='ocrx_word' id='word_1_591' title='bbox 423 2556 455 2589; x_wconf 58' lang='lat' dir='ltr'>l„</span> <span class='ocrx_word' id='word_1_592' title='bbox 464 2561 592 2601; x_wconf 60' lang='lat' dir='ltr'>Jozrma</span> <span class='ocrx_word' id='word_1_593' title='bbox 608 2556 732 2593; x_wconf 74' lang='lat' dir='ltr'>dicirca</span> <span class='ocrx_word' id='word_1_594' title='bbox 750 2565 806 2599; x_wconf 80' lang='lat'>56.</span> <span class='ocrx_word' id='word_1_595' title='bbox 822 2561 939 2594; x_wconf 76' lang='lat' dir='ltr'>ducati</span> <span class='ocrx_word' id='word_1_596' title='bbox 952 2561 1102 2595; x_wconf 84' lang='lat' dir='ltr'>correnti</span> <span class='ocrx_word' id='word_1_597' title='bbox 1118 2560 1154 2593; x_wconf 85' lang='lat' dir='ltr'>di</span> <span class='ocrx_word' id='word_1_598' title='bbox 1167 2557 1278 2604; x_wconf 78' lang='lat' dir='ltr'>questa</span> <span class='ocrx_word' id='word_1_599' title='bbox 1292 2565 1425 2593; x_wconf 82' lang='lat' dir='ltr'>moneta</span> <span class='ocrx_word' id='word_1_600' title='bbox 1440 2583 1447 2591; x_wconf 91' lang='lat'>.</span> <span class='ocrx_word' id='word_1_601' title='bbox 1472 2552 1708 2590; x_wconf 83' lang='lat' dir='ltr'>Difficultates</span> <span class='ocrx_word' id='word_1_602' title='bbox 1725 2559 1828 2594; x_wconf 77' lang='lat' dir='ltr'>equi-</span> 
     </span>
     <span class='ocr_line' id='line_1_53' title="bbox 366 2596 1830 2651; baseline -0.001 -15"><span class='ocrx_word' id='word_1_603' title='bbox 366 2600 446 2635; x_wconf 85' lang='lat' dir='ltr'>dem</span> <span class='ocrx_word' id='word_1_604' title='bbox 460 2604 585 2638; x_wconf 74' lang='lat' dir='ltr'>excitat</span> <span class='ocrx_word' id='word_1_605' title='bbox 603 2605 688 2638; x_wconf 87' lang='lat' dir='ltr'>idem</span> <span class='ocrx_word' id='word_1_606' title='bbox 701 2604 883 2651; x_wconf 87' lang='lat' dir='ltr'>Episcopus</span> <span class='ocrx_word' id='word_1_607' title='bbox 895 2617 936 2641; x_wconf 84' lang='lat' dir='ltr'>ex</span> <span class='ocrx_word' id='word_1_608' title='bbox 957 2608 1087 2642; x_wconf 88' lang='lat' dir='ltr'>duobus</span> <span class='ocrx_word' id='word_1_609' title='bbox 1100 2604 1302 2640; x_wconf 84' lang='lat' dir='ltr'>Proceffibus</span> <span class='ocrx_word' id='word_1_610' title='bbox 1328 2603 1438 2638; x_wconf 88' lang='lat' dir='ltr'>altero</span> <span class='ocrx_word' id='word_1_611' title='bbox 1455 2601 1536 2637; x_wconf 85' lang='lat' dir='ltr'>anni</span> <span class='ocrx_word' id='word_1_612' title='bbox 1567 2611 1576 2634; x_wconf 90' lang='lat' dir='ltr'>i</span> <span class='ocrx_word' id='word_1_613' title='bbox 1591 2601 1668 2644; x_wconf 78' lang='lat'><strong>⁵64·</strong></span> <span class='ocrx_word' id='word_1_614' title='bbox 1681 2621 1693 2635; x_wconf 71' lang='lat'><em>2</em></span> <span class='ocrx_word' id='word_1_615' title='bbox 1716 2596 1830 2630; x_wconf 71' lang='lat' dir='ltr'>alte-ro</span> 
     </span>
     <span class='ocr_line' id='line_1_54' title="bbox 368 2649 1833 2700; baseline -0.003 -13"><span class='ocrx_word' id='word_1_616' title='bbox 368 2654 598 2692; x_wconf 72' lang='lat' dir='ltr'>³0ss01578·‚</span> <span class='ocrx_word' id='word_1_617' title='bbox 622 2652 816 2700; x_wconf 76' lang='lat' dir='ltr'>inquorum</span> <span class='ocrx_word' id='word_1_618' title='bbox 846 2655 957 2698; x_wconf 87' lang='lat' dir='ltr'>primo</span> <span class='ocrx_word' id='word_1_619' title='bbox 984 2651 1229 2699; x_wconf 89' lang='lat' dir='ltr'>scriptumest:</span> <span class='ocrx_word' id='word_1_620' title='bbox 1250 2652 1346 2698; x_wconf 79' lang='lat' dir='ltr'>spefa</span> <span class='ocrx_word' id='word_1_621' title='bbox 1363 2652 1419 2686; x_wconf 82' lang='lat' dir='ltr'>del</span> <span class='ocrx_word' id='word_1_622' title='bbox 1441 2650 1663 2685; x_wconf 81' lang='lat' dir='ltr'>canonicato,</span> <span class='ocrx_word' id='word_1_623' title='bbox 1686 2655 1703 2678; x_wconf 75' lang='lat' dir='ltr'>e</span> <span class='ocrx_word' id='word_1_624' title='bbox 1739 2649 1833 2678; x_wconf 69' lang='lat' dir='ltr'>&#39;Pre-</span> 
     </span>
     <span class='ocr_line' id='line_1_55' title="bbox 368 2688 1833 2744; baseline 0.001 -14"><span class='ocrx_word' id='word_1_625' title='bbox 368 2695 474 2730; x_wconf 52' lang='lat' dir='ltr'>benu‘a</span> <span class='ocrx_word' id='word_1_626' title='bbox 492 2697 527 2729; x_wconf 67' lang='lat' dir='ltr'>aa·</span> <span class='ocrx_word' id='word_1_627' title='bbox 542 2701 576 2728; x_wconf 74' lang='lat' dir='ltr'>S·</span> <span class='ocrx_word' id='word_1_628' title='bbox 591 2703 704 2732; x_wconf 74' lang='lat' dir='ltr'>Maria</span> <span class='ocrx_word' id='word_1_629' title='bbox 723 2701 952 2738; x_wconf 62' lang='lat' dir='ltr'>Maddulena:</span> <span class='ocrx_word' id='word_1_630' title='bbox 982 2708 1052 2739; x_wconf 77' lang='lat' dir='ltr'>Per</span> <span class='ocrx_word' id='word_1_631' title='bbox 1064 2702 1092 2736; x_wconf 82' lang='lat' dir='ltr'>il</span> <span class='ocrx_word' id='word_1_632' title='bbox 1108 2700 1266 2741; x_wconf 69' lang='lat' dir='ltr'>Sostituto</span> <span class='ocrx_word' id='word_1_633' title='bbox 1281 2697 1357 2744; x_wconf 74' lang='lat' dir='ltr'>dzffe</span> <span class='ocrx_word' id='word_1_634' title='bbox 1371 2699 1407 2733; x_wconf 83' lang='lat' dir='ltr'>la</span> <span class='ocrx_word' id='word_1_635' title='bbox 1422 2696 1521 2741; x_wconf 80' lang='lat' dir='ltr'>Meffiz</span> <span class='ocrx_word' id='word_1_636' title='bbox 1535 2696 1595 2744; x_wconf 57' lang='lat' dir='ltr'>ssir·</span> <span class='ocrx_word' id='word_1_637' title='bbox 1613 2701 1666 2732; x_wconf 82' lang='lat'>3¹·</span> <span class='ocrx_word' id='word_1_638' title='bbox 1685 2690 1720 2741; x_wconf 39' lang='lat' dir='ltr'>1-ss</span> <span class='ocrx_word' id='word_1_639' title='bbox 1733 2688 1833 2741; x_wconf 28' lang='lat'>&#39;31¹0‘</span> 
     </span>
     <span class='ocr_line' id='line_1_56' title="bbox 365 2736 1834 2793; baseline 0.002 -16"><span class='ocrx_word' id='word_1_640' title='bbox 365 2753 408 2778; x_wconf 77' lang='lat' dir='ltr'>ro</span> <span class='ocrx_word' id='word_1_641' title='bbox 421 2753 526 2775; x_wconf 80' lang='lat' dir='ltr'>vero:</span> <span class='ocrx_word' id='word_1_642' title='bbox 545 2747 613 2777; x_wconf 80' lang='grc' dir='ltr'>Ῥεν</span> <span class='ocrx_word' id='word_1_643' title='bbox 629 2745 654 2778; x_wconf 84' lang='lat' dir='ltr'>l’</span> <span class='ocrx_word' id='word_1_644' title='bbox 671 2746 874 2784; x_wconf 65' lang='lat' dir='ltr'>elevazione</span> <span class='ocrx_word' id='word_1_645' title='bbox 890 2750 983 2786; x_wconf 83' lang='lat' dir='ltr'>della</span> <span class='ocrx_word' id='word_1_646' title='bbox 998 2747 1239 2793; x_wconf 71' lang='lat' dir='ltr'>Meffagrande</span> <span class='ocrx_word' id='word_1_647' title='bbox 1250 2747 1308 2781; x_wconf 83' lang='lat' dir='ltr'>lir.</span> <span class='ocrx_word' id='word_1_648' title='bbox 1326 2754 1375 2783; x_wconf 77' lang='lat'>15.</span> <span class='ocrx_word' id='word_1_649' title='bbox 1394 2769 1406 2783; x_wconf 82' lang='lat'>‚</span> <span class='ocrx_word' id='word_1_650' title='bbox 1430 2743 1470 2777; x_wconf 70' lang='grc' dir='ltr'>ὲΧ</span> <span class='ocrx_word' id='word_1_651' title='bbox 1485 2741 1604 2786; x_wconf 88' lang='lat' dir='ltr'>quibus</span> <span class='ocrx_word' id='word_1_652' title='bbox 1620 2737 1739 2782; x_wconf 72' lang='lat' dir='ltr'>COlhgl</span> <span class='ocrx_word' id='word_1_653' title='bbox 1755 2736 1834 2781; x_wconf 70' lang='lat' dir='ltr'>P⁰s-</span> 
     </span>
    </p>
   </div>
   <div class='ocr_carea' id='block_1_2' title="bbox 366 2783 1838 2873">
    <p class='ocr_par' dir='ltr' id='par_1_6' title="bbox 366 2783 1838 2873">
     <span class='ocr_line' id='line_1_57' title="bbox 366 2783 1838 2873; baseline 0.002 -47"><span class='ocrx_word' id='word_1_654' title='bbox 366 2790 416 2826; x_wconf 85' lang='lat' dir='ltr'>set</span> <span class='ocrx_word' id='word_1_655' title='bbox 443 2788 641 2830; x_wconf 71' lang='lat' dir='ltr'>Canonicos</span> <span class='ocrx_word' id='word_1_656' title='bbox 665 2790 743 2826; x_wconf 78' lang='lat' dir='ltr'>aliis</span> <span class='ocrx_word' id='word_1_657' title='bbox 766 2795 926 2830; x_wconf 81' lang='lat' dir='ltr'>oneribus</span> <span class='ocrx_word' id='word_1_658' title='bbox 947 2793 1121 2830; x_wconf 69' lang='lat' dir='ltr'>obstrictos</span> <span class='ocrx_word' id='word_1_659' title='bbox 1143 2792 1274 2840; x_wconf 59' lang='lat' dir='ltr'>suiffe,</span> <span class='ocrx_word' id='word_1_660' title='bbox 1297 2788 1489 2836; x_wconf 86' lang='lat' dir='ltr'>Perpendi&#39;t</span> <span class='ocrx_word' id='word_1_661' title='bbox 1515 2787 1620 2823; x_wconf 86' lang='lat' dir='ltr'>etiam</span> <span class='ocrx_word' id='word_1_662' title='bbox 1647 2783 1838 2873; x_wconf 46' lang='lat' dir='ltr'>Efjilglfflss</span> 
     </span>
     <span class='ocr_line' id='line_1_58' title="bbox 1700 2843 1791 2867; baseline 0 -9"><span class='ocrx_word' id='word_1_663' title='bbox 1700 2843 1722 2867; x_wconf 85' lang='lat'><em>0</em></span> <span class='ocrx_word' id='word_1_664' title='bbox 1771 2848 1791 2858; x_wconf 88' lang='lat'><em>-</em></span> 
     </span>
    </p>
   </div>
   <div class='ocr_carea' id='block_1_3' title="bbox 1964 2679 1973 2799">
    <p class='ocr_par' dir='ltr' id='par_1_7' title="bbox 1964 2679 1973 2799">
     <span class='ocr_line' id='line_1_59' title="bbox 1964 2679 1973 2799; textangle 90"><span class='ocrx_word' id='word_1_665' title='bbox 1964 2679 1973 2799; x_wconf 41' lang='lat' dir='ltr'>cm</span> 
     </span>
    </p>
   </div>
  </div>
 </body>
</html>
