<?xml version="1.0" encoding="UTF-8"?>
<!DOCTYPE html PUBLIC "-//W3C//DTD XHTML 1.0 Transitional//EN"
    "http://www.w3.org/TR/xhtml1/DTD/xhtml1-transitional.dtd">
<html xmlns="http://www.w3.org/1999/xhtml" xml:lang="en" lang="en">
 <head>
  <title>
</title>
<meta http-equiv="Content-Type" content="text/html;charset=utf-8" />
  <meta name='ocr-system' content='tesseract 3.04.00' />
  <meta name='ocr-capabilities' content='ocr_page ocr_carea ocr_par ocr_line ocrx_word'/>
</head>
<body>
  <div class='ocr_page' id='page_1' title='image "./thesaurusresolut18cath_0027.png"; bbox 0 0 1945 3028; ppageno 0'>
   <div class='ocr_carea' id='block_1_1' title="bbox 50 94 1567 2827">
    <p class='ocr_par' dir='ltr' id='par_1_1' title="bbox 89 94 1565 181">
     <span class='ocr_line' id='line_1_1' title="bbox 1522 95 1536 119; baseline 0 0"><span class='ocrx_word' id='word_1_1' title='bbox 1522 95 1536 119; x_wconf 88' lang='lat'><strong>1</strong></span> 
     </span>
     <span class='ocr_line' id='line_1_2' title="bbox 89 94 1565 181; baseline -0.001 -14"><span class='ocrx_word' id='word_1_2' title='bbox 89 134 194 181; x_wconf 74' lang='lat' dir='ltr'>posim</span> <span class='ocrx_word' id='word_1_3' title='bbox 211 130 377 167; x_wconf 70' lang='lat' dir='ltr'>Generali</span> <span class='ocrx_word' id='word_1_4' title='bbox 399 156 408 168; x_wconf 92' lang='lat'><em>,</em></span> <span class='ocrx_word' id='word_1_5' title='bbox 431 131 488 166; x_wconf 83' lang='lat' dir='ltr'>sed</span> <span class='ocrx_word' id='word_1_6' title='bbox 515 127 689 176; x_wconf 68' lang='lat' dir='ltr'>Praeposito</span> <span class='ocrx_word' id='word_1_7' title='bbox 720 128 1022 164; x_wconf 83' lang='lat' dir='ltr'>Commendatario</span> <span class='ocrx_word' id='word_1_8' title='bbox 1047 157 1056 166; x_wconf 92' lang='lat'><strong><em>.</em></strong></span> <span class='ocrx_word' id='word_1_9' title='bbox 1541 94 1565 126; x_wconf 69' lang='lat'><em>9</em></span> 
     </span>
    </p>

    <p class='ocr_par' dir='ltr' id='par_1_2' title="bbox 50 175 1567 1740">
     <span class='ocr_line' id='line_1_3' title="bbox 50 175 1554 223; baseline -0.003 -6"><span class='ocrx_word' id='word_1_10' title='bbox 50 183 236 221; x_wconf 45' lang='lat' dir='ltr'>Postulans-1</span> <span class='ocrx_word' id='word_1_11' title='bbox 271 178 462 223; x_wconf 76' lang='lat' dir='ltr'>l’raepofitus</span> <span class='ocrx_word' id='word_1_12' title='bbox 490 177 670 213; x_wconf 73' lang='lat' dir='ltr'>Generalis</span> <span class='ocrx_word' id='word_1_13' title='bbox 713 203 723 216; x_wconf 88' lang='lat'>,</span> <span class='ocrx_word' id='word_1_14' title='bbox 767 185 804 211; x_wconf 93' lang='lat' dir='ltr'>ut</span> <span class='ocrx_word' id='word_1_15' title='bbox 831 180 869 210; x_wconf 86' lang='lat' dir='ltr'>ad</span> <span class='ocrx_word' id='word_1_16' title='bbox 894 176 1063 211; x_wconf 74' lang='lat' dir='ltr'>sarcienda</span> <span class='ocrx_word' id='word_1_17' title='bbox 1089 175 1188 211; x_wconf 87' lang='lat' dir='ltr'>illata</span> <span class='ocrx_word' id='word_1_18' title='bbox 1213 177 1330 211; x_wconf 82' lang='lat' dir='ltr'>damna</span> <span class='ocrx_word' id='word_1_19' title='bbox 1356 175 1554 222; x_wconf 67' lang='lat' dir='ltr'>Praepofitus</span> 
     </span>
     <span class='ocr_line' id='line_1_4' title="bbox 96 223 1567 270; baseline -0.001 -8"><span class='ocrx_word' id='word_1_20' title='bbox 96 226 421 265; x_wconf 86' lang='lat' dir='ltr'>Coinmendatarius</span> <span class='ocrx_word' id='word_1_21' title='bbox 439 226 673 261; x_wconf 79' lang='lat' dir='ltr'>contribueret</span> <span class='ocrx_word' id='word_1_22' title='bbox 689 237 697 256; x_wconf 89' lang='lat'>:</span> <span class='ocrx_word' id='word_1_23' title='bbox 715 224 844 258; x_wconf 91' lang='lat' dir='ltr'>obtulit</span> <span class='ocrx_word' id='word_1_24' title='bbox 863 223 922 258; x_wconf 89' lang='lat' dir='ltr'>ille</span> <span class='ocrx_word' id='word_1_25' title='bbox 936 235 1080 259; x_wconf 87' lang='lat' dir='ltr'>annuam</span> <span class='ocrx_word' id='word_1_26' title='bbox 1095 224 1343 270; x_wconf 66' lang='lat' dir='ltr'>praestationem</span> <span class='ocrx_word' id='word_1_27' title='bbox 1364 233 1456 264; x_wconf 70' lang='lat'>200„</span> <span class='ocrx_word' id='word_1_28' title='bbox 1472 225 1567 261; x_wconf 75' lang='lat' dir='ltr'>Prae--</span> 
     </span>
     <span class='ocr_line' id='line_1_5' title="bbox 98 270 1562 322; baseline -0.003 -12"><span class='ocrx_word' id='word_1_29' title='bbox 98 275 224 322; x_wconf 75' lang='lat' dir='ltr'>politus</span> <span class='ocrx_word' id='word_1_30' title='bbox 239 272 421 308; x_wconf 70' lang='lat' dir='ltr'>Generalis</span> <span class='ocrx_word' id='word_1_31' title='bbox 440 300 450 312; x_wconf 87' lang='lat'>‚</span> <span class='ocrx_word' id='word_1_32' title='bbox 476 273 534 318; x_wconf 89' lang='lat' dir='ltr'>qui</span> <span class='ocrx_word' id='word_1_33' title='bbox 559 280 656 317; x_wconf 73' lang='lat' dir='ltr'>putat</span> <span class='ocrx_word' id='word_1_34' title='bbox 681 270 740 306; x_wconf 87' lang='lat' dir='ltr'>vix</span> <span class='ocrx_word' id='word_1_35' title='bbox 760 271 833 305; x_wconf 87' lang='lat' dir='ltr'>satis</span> <span class='ocrx_word' id='word_1_36' title='bbox 858 270 922 305; x_wconf 82' lang='lat' dir='ltr'>effe</span> <span class='ocrx_word' id='word_1_37' title='bbox 945 283 1012 317; x_wconf 86' lang='lat' dir='ltr'>pro</span> <span class='ocrx_word' id='word_1_38' title='bbox 1037 271 1254 317; x_wconf 81' lang='lat' dir='ltr'>reparatione</span> <span class='ocrx_word' id='word_1_39' title='bbox 1285 270 1327 310; x_wconf 84' lang='lat' dir='ltr'>sc,</span> <span class='ocrx_word' id='word_1_40' title='bbox 1351 282 1402 310; x_wconf 82' lang='lat'>50.</span> <span class='ocrx_word' id='word_1_41' title='bbox 1429 272 1562 313; x_wconf 82' lang='lat' dir='ltr'>millia,</span> 
     </span>
     <span class='ocr_line' id='line_1_6' title="bbox 102 316 1560 365; baseline -0.005 -7"><span class='ocrx_word' id='word_1_42' title='bbox 102 325 180 365; x_wconf 78' lang='lat' dir='ltr'>Jiira</span> <span class='ocrx_word' id='word_1_43' title='bbox 201 319 353 356; x_wconf 69' lang='lat' dir='ltr'>Ecclesiae</span> <span class='ocrx_word' id='word_1_44' title='bbox 367 320 431 355; x_wconf 57' lang='lat' dir='ltr'>suge</span> <span class='ocrx_word' id='word_1_45' title='bbox 456 331 570 354; x_wconf 87' lang='lat' dir='ltr'>coram</span> <span class='ocrx_word' id='word_1_46' title='bbox 587 319 649 353; x_wconf 87' lang='lat' dir='ltr'>hoc</span> <span class='ocrx_word' id='word_1_47' title='bbox 665 319 765 352; x_wconf 82' lang='lat' dir='ltr'>Sacro</span> <span class='ocrx_word' id='word_1_48' title='bbox 784 317 967 352; x_wconf 83' lang='lat' dir='ltr'>Tribunali</span> <span class='ocrx_word' id='word_1_49' title='bbox 987 319 1146 352; x_wconf 85' lang='lat' dir='ltr'>deducere</span> <span class='ocrx_word' id='word_1_50' title='bbox 1159 316 1260 352; x_wconf 88' lang='lat' dir='ltr'>satius</span> <span class='ocrx_word' id='word_1_51' title='bbox 1274 317 1429 355; x_wconf 84' lang='lat' dir='ltr'>censuit;</span> <span class='ocrx_word' id='word_1_52' title='bbox 1460 318 1560 354; x_wconf 83' lang='lat' dir='ltr'>Con-</span> 
     </span>
     <span class='ocr_line' id='line_1_7' title="bbox 101 363 1561 412; baseline -0.003 -6"><span class='ocrx_word' id='word_1_53' title='bbox 101 370 209 406; x_wconf 85' lang='lat' dir='ltr'>tendit</span> <span class='ocrx_word' id='word_1_54' title='bbox 235 369 326 402; x_wconf 87' lang='lat' dir='ltr'>enim</span> <span class='ocrx_word' id='word_1_55' title='bbox 354 365 567 412; x_wconf 76' lang='lat' dir='ltr'>Praepositum</span> <span class='ocrx_word' id='word_1_56' title='bbox 583 365 922 401; x_wconf 87' lang='lat' dir='ltr'>Commendatarium</span> <span class='ocrx_word' id='word_1_57' title='bbox 944 364 1088 399; x_wconf 86' lang='lat' dir='ltr'>dimidia</span> <span class='ocrx_word' id='word_1_58' title='bbox 1116 363 1231 399; x_wconf 90' lang='lat' dir='ltr'>saltem</span> <span class='ocrx_word' id='word_1_59' title='bbox 1259 364 1449 400; x_wconf 80' lang='lat' dir='ltr'>reddituum</span> <span class='ocrx_word' id='word_1_60' title='bbox 1480 377 1561 409; x_wconf 89' lang='lat' dir='ltr'>par-</span> 
     </span>
     <span class='ocr_line' id='line_1_8' title="bbox 104 411 1562 460; baseline -0.004 -7"><span class='ocrx_word' id='word_1_61' title='bbox 104 428 173 453; x_wconf 86' lang='lat' dir='ltr'>tem</span> <span class='ocrx_word' id='word_1_62' title='bbox 199 418 231 451; x_wconf 86' lang='lat' dir='ltr'>in</span> <span class='ocrx_word' id='word_1_63' title='bbox 250 416 335 449; x_wconf 81' lang='lat' dir='ltr'>lianc</span> <span class='ocrx_word' id='word_1_64' title='bbox 350 414 595 460; x_wconf 83' lang='lat' dir='ltr'>reparationem</span> <span class='ocrx_word' id='word_1_65' title='bbox 610 411 763 448; x_wconf 84' lang='lat' dir='ltr'>conferre</span> <span class='ocrx_word' id='word_1_66' title='bbox 786 412 909 447; x_wconf 89' lang='lat' dir='ltr'>debere</span> <span class='ocrx_word' id='word_1_67' title='bbox 927 439 937 452; x_wconf 90' lang='lat'><em>‚</em></span> <span class='ocrx_word' id='word_1_68' title='bbox 964 411 1123 458; x_wconf 80' lang='lat' dir='ltr'>exemplo</span> <span class='ocrx_word' id='word_1_69' title='bbox 1155 412 1300 447; x_wconf 83' lang='lat' dir='ltr'>Abbatis</span> <span class='ocrx_word' id='word_1_70' title='bbox 1327 411 1562 447; x_wconf 81' lang='lat' dir='ltr'>Commenda-</span> 
     </span>
     <span class='ocr_line' id='line_1_9' title="bbox 106 457 1561 505; baseline -0.005 -4"><span class='ocrx_word' id='word_1_71' title='bbox 106 465 186 501; x_wconf 82' lang='lat' dir='ltr'>tatii</span> <span class='ocrx_word' id='word_1_72' title='bbox 201 462 313 498; x_wconf 72' lang='lat' dir='ltr'>Ciarae</span> <span class='ocrx_word' id='word_1_73' title='bbox 331 459 474 496; x_wconf 75' lang='lat' dir='ltr'>Tumbae</span> <span class='ocrx_word' id='word_1_74' title='bbox 496 460 633 496; x_wconf 80' lang='lat' dir='ltr'>Ordinis</span> <span class='ocrx_word' id='word_1_75' title='bbox 659 458 910 499; x_wconf 78' lang='lat' dir='ltr'>cisterciensis,</span> <span class='ocrx_word' id='word_1_76' title='bbox 935 459 989 505; x_wconf 87' lang='lat' dir='ltr'>qui</span> <span class='ocrx_word' id='word_1_77' title='bbox 1014 460 1056 494; x_wconf 93' lang='lat' dir='ltr'>ob</span> <span class='ocrx_word' id='word_1_78' title='bbox 1073 459 1316 504; x_wconf 84' lang='lat' dir='ltr'>reparationem</span> <span class='ocrx_word' id='word_1_79' title='bbox 1342 457 1561 494; x_wconf 72' lang='lat' dir='ltr'>Ecciefiaein-</span> 
     </span>
     <span class='ocr_line' id='line_1_10' title="bbox 102 506 1561 554; baseline -0.003 -7"><span class='ocrx_word' id='word_1_80' title='bbox 102 512 222 548; x_wconf 88' lang='lat' dir='ltr'>cendio</span> <span class='ocrx_word' id='word_1_81' title='bbox 236 507 535 554; x_wconf 77' lang='lat' dir='ltr'>consuinptae.licet</span> <span class='ocrx_word' id='word_1_82' title='bbox 552 506 696 542; x_wconf 80' lang='lat' dir='ltr'>Ecclesia</span> <span class='ocrx_word' id='word_1_83' title='bbox 711 507 828 542; x_wconf 82' lang='lat' dir='ltr'>uberes</span> <span class='ocrx_word' id='word_1_84' title='bbox 845 507 999 541; x_wconf 84' lang='lat' dir='ltr'>redditus</span> <span class='ocrx_word' id='word_1_85' title='bbox 1013 506 1314 544; x_wconf 62' lang='lat' dir='ltr'>haberendecreto</span> <span class='ocrx_word' id='word_1_86' title='bbox 1329 515 1438 541; x_wconf 88' lang='lat' dir='ltr'>tamen</span> <span class='ocrx_word' id='word_1_87' title='bbox 1450 508 1561 543; x_wconf 79' lang='lat' dir='ltr'>Sacra:</span> 
     </span>
     <span class='ocr_line' id='line_1_11' title="bbox 103 553 1562 603; baseline -0.003 -10"><span class='ocrx_word' id='word_1_88' title='bbox 103 555 396 603; x_wconf 83' lang='lat' dir='ltr'>Congregationis</span> <span class='ocrx_word' id='word_1_89' title='bbox 409 554 656 591; x_wconf 87' lang='lat' dir='ltr'>Consistorialis</span> <span class='ocrx_word' id='word_1_90' title='bbox 676 553 749 589; x_wconf 92' lang='lat' dir='ltr'>lato</span> <span class='ocrx_word' id='word_1_91' title='bbox 763 558 815 590; x_wconf 84' lang='lat' dir='ltr'>die</span> <span class='ocrx_word' id='word_1_92' title='bbox 828 565 879 594; x_wconf 76' lang='lat'>14.</span> <span class='ocrx_word' id='word_1_93' title='bbox 895 557 985 589; x_wconf 83' lang='lat' dir='ltr'>Maii</span> <span class='ocrx_word' id='word_1_94' title='bbox 1004 556 1085 590; x_wconf 76' lang='lat' dir='ltr'>anm·</span> <span class='ocrx_word' id='word_1_95' title='bbox 1101 562 1195 600; x_wconf 88' lang='lat' dir='ltr'>i720.</span> <span class='ocrx_word' id='word_1_96' title='bbox 1212 580 1221 593; x_wconf 92' lang='lat'>‚</span> <span class='ocrx_word' id='word_1_97' title='bbox 1246 556 1379 589; x_wconf 85' lang='lat' dir='ltr'>tertiam</span> <span class='ocrx_word' id='word_1_98' title='bbox 1393 554 1562 589; x_wconf 85' lang='lat' dir='ltr'>redditum</span> 
     </span>
     <span class='ocr_line' id='line_1_12' title="bbox 105 600 1560 648; baseline -0.004 -6"><span class='ocrx_word' id='word_1_99' title='bbox 105 607 238 642; x_wconf 88' lang='lat' dir='ltr'>suorum</span> <span class='ocrx_word' id='word_1_100' title='bbox 265 613 391 648; x_wconf 88' lang='lat' dir='ltr'>partem</span> <span class='ocrx_word' id='word_1_101' title='bbox 405 603 563 638; x_wconf 79' lang='lat' dir='ltr'>conferre</span> <span class='ocrx_word' id='word_1_102' title='bbox 584 603 723 637; x_wconf 91' lang='lat' dir='ltr'>debuit.</span> <span class='ocrx_word' id='word_1_103' title='bbox 747 601 861 648; x_wconf 84' lang='lat' dir='ltr'>quue</span> <span class='ocrx_word' id='word_1_104' title='bbox 874 600 1019 646; x_wconf 83' lang='lat' dir='ltr'>amplius</span> <span class='ocrx_word' id='word_1_105' title='bbox 1033 627 1043 641; x_wconf 92' lang='lat'><em>‚</em></span> <span class='ocrx_word' id='word_1_106' title='bbox 1068 601 1157 648; x_wconf 89' lang='lat' dir='ltr'>quod</span> <span class='ocrx_word' id='word_1_107' title='bbox 1168 603 1326 637; x_wconf 86' lang='lat' dir='ltr'>damnum</span> <span class='ocrx_word' id='word_1_108' title='bbox 1342 601 1475 636; x_wconf 87' lang='lat' dir='ltr'>illatum</span> <span class='ocrx_word' id='word_1_109' title='bbox 1491 601 1560 636; x_wconf 89' lang='lat' dir='ltr'>fuit</span> 
     </span>
     <span class='ocr_line' id='line_1_13' title="bbox 104 649 1560 695; baseline -0.003 -7"><span class='ocrx_word' id='word_1_110' title='bbox 104 665 126 688; x_wconf 69' lang='lat' dir='ltr'>av</span> <span class='ocrx_word' id='word_1_111' title='bbox 145 650 284 687; x_wconf 87' lang='lat' dir='ltr'>subditis</span> <span class='ocrx_word' id='word_1_112' title='bbox 299 649 463 695; x_wconf 72' lang='lat' dir='ltr'>Praepositi</span> <span class='ocrx_word' id='word_1_113' title='bbox 488 649 811 689; x_wconf 64' lang='lat' dir='ltr'>Commendamus,</span> <span class='ocrx_word' id='word_1_114' title='bbox 839 649 985 695; x_wconf 84' lang='lat' dir='ltr'>ideoque</span> <span class='ocrx_word' id='word_1_115' title='bbox 999 661 1102 683; x_wconf 87' lang='lat' dir='ltr'>omne</span> <span class='ocrx_word' id='word_1_116' title='bbox 1115 650 1172 690; x_wconf 86' lang='lat' dir='ltr'>Jus</span> <span class='ocrx_word' id='word_1_117' title='bbox 1187 649 1318 692; x_wconf 84' lang='lat' dir='ltr'>postule</span> <span class='ocrx_word' id='word_1_118' title='bbox 1334 675 1343 687; x_wconf 93' lang='lat'>,</span> <span class='ocrx_word' id='word_1_119' title='bbox 1366 658 1405 684; x_wconf 91' lang='lat' dir='ltr'>ut</span> <span class='ocrx_word' id='word_1_120' title='bbox 1431 660 1495 683; x_wconf 87' lang='lat' dir='ltr'>non</span> <span class='ocrx_word' id='word_1_121' title='bbox 1516 661 1560 684; x_wconf 71' lang='lat' dir='ltr'>ex</span> 
     </span>
     <span class='ocr_line' id='line_1_14' title="bbox 102 695 1561 743; baseline -0.003 -8"><span class='ocrx_word' id='word_1_122' title='bbox 102 699 261 735; x_wconf 63' lang='lat' dir='ltr'>fruetibus</span> <span class='ocrx_word' id='word_1_123' title='bbox 285 697 410 732; x_wconf 82' lang='lat' dir='ltr'>Mensae</span> <span class='ocrx_word' id='word_1_124' title='bbox 434 697 684 733; x_wconf 79' lang='lat' dir='ltr'>Conventualis</span> <span class='ocrx_word' id='word_1_125' title='bbox 700 723 709 736; x_wconf 87' lang='lat'><em>,</em></span> <span class='ocrx_word' id='word_1_126' title='bbox 736 697 794 743; x_wconf 86' lang='lat' dir='ltr'>qui</span> <span class='ocrx_word' id='word_1_127' title='bbox 818 697 878 732; x_wconf 82' lang='lat' dir='ltr'>vix</span> <span class='ocrx_word' id='word_1_128' title='bbox 904 695 982 730; x_wconf 88' lang='lat' dir='ltr'>satis</span> <span class='ocrx_word' id='word_1_129' title='bbox 1009 696 1085 731; x_wconf 90' lang='lat' dir='ltr'>sunt</span> <span class='ocrx_word' id='word_1_130' title='bbox 1111 696 1150 729; x_wconf 89' lang='lat' dir='ltr'>ad</span> <span class='ocrx_word' id='word_1_131' title='bbox 1166 695 1365 731; x_wconf 83' lang='lat' dir='ltr'>Monasterii</span> <span class='ocrx_word' id='word_1_132' title='bbox 1381 695 1561 731; x_wconf 83' lang='lat' dir='ltr'>conserva·-</span> 
     </span>
     <span class='ocr_line' id='line_1_15' title="bbox 102 742 1560 790; baseline -0.003 -7"><span class='ocrx_word' id='word_1_133' title='bbox 102 747 234 783; x_wconf 86' lang='lat' dir='ltr'>tionem</span> <span class='ocrx_word' id='word_1_134' title='bbox 251 772 261 785; x_wconf 92' lang='lat'>,</span> <span class='ocrx_word' id='word_1_135' title='bbox 286 744 341 778; x_wconf 84' lang='lat' dir='ltr'>sed</span> <span class='ocrx_word' id='word_1_136' title='bbox 355 756 396 779; x_wconf 88' lang='lat' dir='ltr'>ex</span> <span class='ocrx_word' id='word_1_137' title='bbox 421 745 629 784; x_wconf 83' lang='lat' dir='ltr'>redditibus,</span> <span class='ocrx_word' id='word_1_138' title='bbox 646 756 728 790; x_wconf 89' lang='lat' dir='ltr'>quos</span> <span class='ocrx_word' id='word_1_139' title='bbox 757 744 879 779; x_wconf 78' lang='lat' dir='ltr'>uberes</span> <span class='ocrx_word' id='word_1_140' title='bbox 907 743 1061 789; x_wconf 83' lang='lat' dir='ltr'>praestant</span> <span class='ocrx_word' id='word_1_141' title='bbox 1086 742 1179 778; x_wconf 83' lang='lat' dir='ltr'>Bona</span> <span class='ocrx_word' id='word_1_142' title='bbox 1202 742 1560 781; x_wconf 86' lang='lat' dir='ltr'>Commendata,sar-</span> 
     </span>
     <span class='ocr_line' id='line_1_16' title="bbox 100 790 1557 835; baseline -0.002 -6"><span class='ocrx_word' id='word_1_143' title='bbox 100 795 237 830; x_wconf 87' lang='lat' dir='ltr'>ciatur.</span> <span class='ocrx_word' id='word_1_144' title='bbox 264 791 387 826; x_wconf 84' lang='lat' dir='ltr'>Auditi</span> <span class='ocrx_word' id='word_1_145' title='bbox 415 792 552 827; x_wconf 88' lang='lat' dir='ltr'>fuerunt</span> <span class='ocrx_word' id='word_1_146' title='bbox 589 792 631 828; x_wconf 88' lang='lat' dir='ltr'>ab</span> <span class='ocrx_word' id='word_1_147' title='bbox 656 794 719 827; x_wconf 88' lang='lat' dir='ltr'>hoc</span> <span class='ocrx_word' id='word_1_148' title='bbox 747 792 839 826; x_wconf 87' lang='lat' dir='ltr'>sacro</span> <span class='ocrx_word' id='word_1_149' title='bbox 856 791 1040 826; x_wconf 85' lang='lat' dir='ltr'>Tribunali</span> <span class='ocrx_word' id='word_1_150' title='bbox 1072 791 1227 826; x_wconf 84' lang='lat' dir='ltr'>Nuncius</span> <span class='ocrx_word' id='word_1_151' title='bbox 1260 790 1498 835; x_wconf 82' lang='lat' dir='ltr'>Apostolicus,</span> <span class='ocrx_word' id='word_1_152' title='bbox 1524 792 1557 826; x_wconf 71' lang='grc' dir='ltr'>ὅ(</span> 
     </span>
     <span class='ocr_line' id='line_1_17' title="bbox 102 837 1560 888; baseline -0.003 -12"><span class='ocrx_word' id='word_1_153' title='bbox 102 838 285 888; x_wconf 82' lang='lat' dir='ltr'>Episcopus</span> <span class='ocrx_word' id='word_1_154' title='bbox 299 839 534 875; x_wconf 87' lang='lat' dir='ltr'>Cracovienlis</span> <span class='ocrx_word' id='word_1_155' title='bbox 548 868 558 881; x_wconf 93' lang='lat'>,</span> <span class='ocrx_word' id='word_1_156' title='bbox 595 840 654 886; x_wconf 91' lang='lat' dir='ltr'>qui</span> <span class='ocrx_word' id='word_1_157' title='bbox 677 839 818 874; x_wconf 86' lang='lat' dir='ltr'>censent</span> <span class='ocrx_word' id='word_1_158' title='bbox 835 837 1058 882; x_wconf 76' lang='lat' dir='ltr'>Praepositum</span> <span class='ocrx_word' id='word_1_159' title='bbox 1073 837 1278 873; x_wconf 86' lang='lat' dir='ltr'>Generalem</span> <span class='ocrx_word' id='word_1_160' title='bbox 1300 839 1452 872; x_wconf 83' lang='lat' dir='ltr'>minuere</span> <span class='ocrx_word' id='word_1_161' title='bbox 1470 837 1560 884; x_wconf 82' lang='lat' dir='ltr'>poffe</span> 
     </span>
     <span class='ocr_line' id='line_1_18' title="bbox 100 884 1559 933; baseline -0.002 -9"><span class='ocrx_word' id='word_1_162' title='bbox 100 899 279 924; x_wconf 88' lang='lat' dir='ltr'>numerum</span> <span class='ocrx_word' id='word_1_163' title='bbox 292 886 546 922; x_wconf 88' lang='lat' dir='ltr'>Canonicorum</span> <span class='ocrx_word' id='word_1_164' title='bbox 563 914 573 928; x_wconf 92' lang='lat'>,</span> <span class='ocrx_word' id='word_1_165' title='bbox 597 888 656 933; x_wconf 85' lang='lat' dir='ltr'>qui</span> <span class='ocrx_word' id='word_1_166' title='bbox 684 886 892 922; x_wconf 75' lang='lat' dir='ltr'>Miechoviae</span> <span class='ocrx_word' id='word_1_167' title='bbox 916 885 990 920; x_wconf 86' lang='lat' dir='ltr'>sunt</span> <span class='ocrx_word' id='word_1_168' title='bbox 1011 913 1021 927; x_wconf 94' lang='lat'>‚</span> <span class='ocrx_word' id='word_1_169' title='bbox 1042 887 1075 921; x_wconf 87' lang='lat'>&amp;</span> <span class='ocrx_word' id='word_1_170' title='bbox 1100 885 1278 921; x_wconf 78' lang='lat' dir='ltr'>translatis</span> <span class='ocrx_word' id='word_1_171' title='bbox 1304 884 1488 921; x_wconf 81' lang='lat' dir='ltr'>Canonicis</span> <span class='ocrx_word' id='word_1_172' title='bbox 1522 886 1559 921; x_wconf 84' lang='lat' dir='ltr'>in</span> 
     </span>
     <span class='ocr_line' id='line_1_19' title="bbox 100 932 1560 980; baseline -0.002 -9"><span class='ocrx_word' id='word_1_173' title='bbox 100 935 170 971; x_wconf 87' lang='lat' dir='ltr'>alia</span> <span class='ocrx_word' id='word_1_174' title='bbox 182 933 400 980; x_wconf 81' lang='lat' dir='ltr'>opulentiora</span> <span class='ocrx_word' id='word_1_175' title='bbox 412 934 553 976; x_wconf 80' lang='lat' dir='ltr'>ejusdem</span> <span class='ocrx_word' id='word_1_176' title='bbox 568 935 711 970; x_wconf 81' lang='lat' dir='ltr'>Ordinis</span> <span class='ocrx_word' id='word_1_177' title='bbox 726 933 943 970; x_wconf 80' lang='lat' dir='ltr'>Monasteria</span> <span class='ocrx_word' id='word_1_178' title='bbox 957 960 966 972; x_wconf 90' lang='lat'>‚</span> <span class='ocrx_word' id='word_1_179' title='bbox 992 934 1042 969; x_wconf 91' lang='lat' dir='ltr'>uti</span> <span class='ocrx_word' id='word_1_180' title='bbox 1060 932 1151 980; x_wconf 85' lang='lat' dir='ltr'>poffe</span> <span class='ocrx_word' id='word_1_181' title='bbox 1164 932 1351 967; x_wconf 82' lang='lat' dir='ltr'>redditibus</span> <span class='ocrx_word' id='word_1_182' title='bbox 1372 933 1412 966; x_wconf 87' lang='lat' dir='ltr'>ad</span> <span class='ocrx_word' id='word_1_183' title='bbox 1426 944 1560 968; x_wconf 86' lang='lat' dir='ltr'>novum</span> 
     </span>
     <span class='ocr_line' id='line_1_20' title="bbox 101 979 1562 1028; baseline -0.001 -11"><span class='ocrx_word' id='word_1_184' title='bbox 101 994 187 1028; x_wconf 85' lang='lat' dir='ltr'>opus</span> <span class='ocrx_word' id='word_1_185' title='bbox 203 1008 213 1021; x_wconf 92' lang='lat'><em>‚</em></span> <span class='ocrx_word' id='word_1_186' title='bbox 237 981 292 1027; x_wconf 84' lang='lat' dir='ltr'>qui</span> <span class='ocrx_word' id='word_1_187' title='bbox 306 993 394 1016; x_wconf 88' lang='lat' dir='ltr'>nunc</span> <span class='ocrx_word' id='word_1_188' title='bbox 411 982 443 1016; x_wconf 89' lang='lat' dir='ltr'>in</span> <span class='ocrx_word' id='word_1_189' title='bbox 457 993 573 1019; x_wconf 88' lang='lat' dir='ltr'>eorum</span> <span class='ocrx_word' id='word_1_190' title='bbox 588 981 753 1018; x_wconf 85' lang='lat' dir='ltr'>alimenta</span> <span class='ocrx_word' id='word_1_191' title='bbox 771 990 984 1028; x_wconf 79' lang='lat' dir='ltr'>erogantur,·</span> <span class='ocrx_word' id='word_1_192' title='bbox 999 981 1089 1025; x_wconf 80' lang='lat' dir='ltr'>posse</span> <span class='ocrx_word' id='word_1_193' title='bbox 1101 979 1463 1016; x_wconf 85' lang='lat' dir='ltr'>etiainintributiones</span> <span class='ocrx_word' id='word_1_194' title='bbox 1481 979 1562 1015; x_wconf 83' lang='lat' dir='ltr'>aliis</span> 
     </span>
     <span class='ocr_line' id='line_1_21' title="bbox 102 1026 1558 1077; baseline -0.003 -12"><span class='ocrx_word' id='word_1_195' title='bbox 102 1028 317 1065; x_wconf 84' lang='lat' dir='ltr'>Monasteriis</span> <span class='ocrx_word' id='word_1_196' title='bbox 343 1029 490 1064; x_wconf 86' lang='lat' dir='ltr'>indicere</span> <span class='ocrx_word' id='word_1_197' title='bbox 503 1031 660 1077; x_wconf 82' lang='lat' dir='ltr'>exemplo</span> <span class='ocrx_word' id='word_1_198' title='bbox 688 1030 724 1064; x_wconf 76' lang='lat' dir='ltr'>P.</span> <span class='ocrx_word' id='word_1_199' title='bbox 740 1028 924 1066; x_wconf 80' lang='lat' dir='ltr'>Generalis</span> <span class='ocrx_word' id='word_1_200' title='bbox 939 1029 1085 1064; x_wconf 86' lang='lat' dir='ltr'>Ordinis</span> <span class='ocrx_word' id='word_1_201' title='bbox 1111 1026 1351 1075; x_wconf 86' lang='lat' dir='ltr'>Augustiniani</span> <span class='ocrx_word' id='word_1_202' title='bbox 1371 1053 1381 1066; x_wconf 84' lang='lat'>‚</span> <span class='ocrx_word' id='word_1_203' title='bbox 1406 1027 1461 1072; x_wconf 88' lang='lat' dir='ltr'>qui</span> <span class='ocrx_word' id='word_1_204' title='bbox 1494 1028 1558 1062; x_wconf 85' lang='lat' dir='ltr'>boc</span> 
     </span>
     <span class='ocr_line' id='line_1_22' title="bbox 103 1074 1563 1124; baseline -0.002 -13"><span class='ocrx_word' id='word_1_205' title='bbox 103 1075 254 1112; x_wconf 78' lang='lat' dir='ltr'>remedio</span> <span class='ocrx_word' id='word_1_206' title='bbox 271 1074 347 1110; x_wconf 84' lang='lat' dir='ltr'>usus</span> <span class='ocrx_word' id='word_1_207' title='bbox 371 1076 418 1111; x_wconf 90' lang='lat' dir='ltr'>est</span> <span class='ocrx_word' id='word_1_208' title='bbox 432 1104 443 1117; x_wconf 89' lang='lat'>,</span> <span class='ocrx_word' id='word_1_209' title='bbox 469 1087 506 1112; x_wconf 89' lang='lat' dir='ltr'>ut</span> <span class='ocrx_word' id='word_1_210' title='bbox 522 1089 642 1112; x_wconf 87' lang='lat' dir='ltr'>numos</span> <span class='ocrx_word' id='word_1_211' title='bbox 655 1087 875 1124; x_wconf 73' lang='lat' dir='ltr'>compararet</span> <span class='ocrx_word' id='word_1_212' title='bbox 896 1077 934 1111; x_wconf 89' lang='lat' dir='ltr'>ad</span> <span class='ocrx_word' id='word_1_213' title='bbox 949 1074 1220 1112; x_wconf 65' lang='lat' dir='ltr'>reaedificandum</span> <span class='ocrx_word' id='word_1_214' title='bbox 1235 1075 1269 1109; x_wconf 89' lang='lat' dir='ltr'>in</span> <span class='ocrx_word' id='word_1_215' title='bbox 1284 1074 1378 1109; x_wconf 87' lang='lat' dir='ltr'>Urbe</span> <span class='ocrx_word' id='word_1_216' title='bbox 1391 1074 1563 1109; x_wconf 84' lang='lat' dir='ltr'>Monaste·</span> 
     </span>
     <span class='ocr_line' id='line_1_23' title="bbox 101 1120 1559 1172; baseline -0.001 -14"><span class='ocrx_word' id='word_1_217' title='bbox 101 1124 191 1158; x_wconf 86' lang='lat' dir='ltr'>rium</span> <span class='ocrx_word' id='word_1_218' title='bbox 210 1124 256 1158; x_wconf 90' lang='lat' dir='ltr'>D.</span> <span class='ocrx_word' id='word_1_219' title='bbox 274 1123 454 1168; x_wconf 84' lang='lat' dir='ltr'>Augustini</span> <span class='ocrx_word' id='word_1_220' title='bbox 472 1151 481 1164; x_wconf 95' lang='lat'>,</span> <span class='ocrx_word' id='word_1_221' title='bbox 507 1124 597 1172; x_wconf 86' lang='lat' dir='ltr'>quod</span> <span class='ocrx_word' id='word_1_222' title='bbox 611 1124 778 1159; x_wconf 84' lang='lat' dir='ltr'>vetustate</span> <span class='ocrx_word' id='word_1_223' title='bbox 791 1124 1012 1159; x_wconf 83' lang='lat' dir='ltr'>minabatur:</span> <span class='ocrx_word' id='word_1_224' title='bbox 1038 1122 1312 1169; x_wconf 86' lang='lat' dir='ltr'>Relinquendum</span> <span class='ocrx_word' id='word_1_225' title='bbox 1326 1120 1389 1156; x_wconf 82' lang='lat' dir='ltr'>effe</span> <span class='ocrx_word' id='word_1_226' title='bbox 1403 1121 1559 1162; x_wconf 85' lang='lat' dir='ltr'>arbitrio,</span> 
     </span>
     <span class='ocr_line' id='line_1_24' title="bbox 101 1169 1558 1222; baseline 0 -17"><span class='ocrx_word' id='word_1_227' title='bbox 101 1171 133 1205; x_wconf 73' lang='grc' dir='ltr'><strong>ἃ</strong></span> <span class='ocrx_word' id='word_1_228' title='bbox 148 1169 271 1218; x_wconf 87' lang='lat' dir='ltr'>pietati</span> <span class='ocrx_word' id='word_1_229' title='bbox 287 1170 451 1217; x_wconf 80' lang='lat' dir='ltr'>Praepofiti</span> <span class='ocrx_word' id='word_1_230' title='bbox 467 1172 754 1207; x_wconf 80' lang='lat' dir='ltr'>Commendatarii</span> <span class='ocrx_word' id='word_1_231' title='bbox 769 1175 854 1217; x_wconf 76' lang='lat' dir='ltr'>quid</span> <span class='ocrx_word' id='word_1_232' title='bbox 865 1198 875 1211; x_wconf 83' lang='lat'>‚</span> <span class='ocrx_word' id='word_1_233' title='bbox 889 1175 932 1207; x_wconf 55' lang='grc' dir='ltr'>ὠ*</span> <span class='ocrx_word' id='word_1_234' title='bbox 947 1174 1160 1222; x_wconf 68' lang='lat' dir='ltr'>quantumin</span> <span class='ocrx_word' id='word_1_235' title='bbox 1177 1169 1467 1210; x_wconf 60' lang='lat' dir='ltr'>²·e.cdific„itionem</span> <span class='ocrx_word' id='word_1_236' title='bbox 1481 1183 1558 1205; x_wconf 82' lang='lat' dir='ltr'>con-</span> 
     </span>
     <span class='ocr_line' id='line_1_25' title="bbox 99 1213 1560 1264; baseline -0.002 -11"><span class='ocrx_word' id='word_1_237' title='bbox 99 1220 256 1254; x_wconf 70' lang='lat' dir='ltr'>tribuere</span> <span class='ocrx_word' id='word_1_238' title='bbox 269 1217 391 1253; x_wconf 73' lang='lat' dir='ltr'>debeat</span> <span class='ocrx_word' id='word_1_239' title='bbox 404 1245 412 1257; x_wconf 87' lang='lat'>,</span> <span class='ocrx_word' id='word_1_240' title='bbox 439 1220 519 1264; x_wconf 88' lang='lat' dir='ltr'>quia</span> <span class='ocrx_word' id='word_1_241' title='bbox 534 1220 610 1256; x_wconf 53' lang='lat' dir='ltr'>com*</span> <span class='ocrx_word' id='word_1_242' title='bbox 628 1231 696 1253; x_wconf 78' lang='lat' dir='ltr'>nori</span> <span class='ocrx_word' id='word_1_243' title='bbox 715 1219 830 1261; x_wconf 75' lang='lat' dir='ltr'>poffit,</span> <span class='ocrx_word' id='word_1_244' title='bbox 853 1228 932 1253; x_wconf 89' lang='lat' dir='ltr'>cum</span> <span class='ocrx_word' id='word_1_245' title='bbox 949 1230 982 1252; x_wconf 90' lang='lat' dir='ltr'>in</span> <span class='ocrx_word' id='word_1_246' title='bbox 1003 1217 1136 1253; x_wconf 83' lang='lat' dir='ltr'>causam</span> <span class='ocrx_word' id='word_1_247' title='bbox 1155 1215 1301 1252; x_wconf 78' lang='lat' dir='ltr'>Fabricae</span> <span class='ocrx_word' id='word_1_248' title='bbox 1325 1215 1431 1251; x_wconf 78' lang='lat' dir='ltr'>celsus</span> <span class='ocrx_word' id='word_1_249' title='bbox 1452 1213 1560 1251; x_wconf 87' lang='lat' dir='ltr'>fuerit</span> 
     </span>
     <span class='ocr_line' id='line_1_26' title="bbox 101 1262 1559 1311; baseline -0.001 -12"><span class='ocrx_word' id='word_1_250' title='bbox 101 1276 121 1299; x_wconf 86' lang='lat' dir='ltr'>a</span> <span class='ocrx_word' id='word_1_251' title='bbox 136 1263 311 1301; x_wconf 87' lang='lat' dir='ltr'>Cardinali</span> <span class='ocrx_word' id='word_1_252' title='bbox 328 1263 471 1310; x_wconf 85' lang='lat' dir='ltr'>Lipskio</span> <span class='ocrx_word' id='word_1_253' title='bbox 484 1278 523 1301; x_wconf 86' lang='lat' dir='ltr'>eo</span> <span class='ocrx_word' id='word_1_254' title='bbox 537 1276 689 1310; x_wconf 85' lang='lat' dir='ltr'>tempore</span> <span class='ocrx_word' id='word_1_255' title='bbox 705 1265 883 1311; x_wconf 67' lang='lat' dir='ltr'>Praeposito</span> <span class='ocrx_word' id='word_1_256' title='bbox 899 1263 1206 1300; x_wconf 75' lang='lat' dir='ltr'>Commendatario</span> <span class='ocrx_word' id='word_1_257' title='bbox 1222 1264 1344 1309; x_wconf 72' lang='lat' dir='ltr'>Pagus,</span> <span class='ocrx_word' id='word_1_258' title='bbox 1360 1262 1418 1309; x_wconf 86' lang='lat' dir='ltr'>qui</span> <span class='ocrx_word' id='word_1_259' title='bbox 1434 1270 1559 1298; x_wconf 76' lang='lat' dir='ltr'>Corra-</span> 
     </span>
     <span class='ocr_line' id='line_1_27' title="bbox 99 1309 1558 1357; baseline -0.001 -10"><span class='ocrx_word' id='word_1_260' title='bbox 99 1316 247 1347; x_wconf 62' lang='lat' dir='ltr'>tovvicz</span> <span class='ocrx_word' id='word_1_261' title='bbox 259 1323 470 1357; x_wconf 83' lang='lat' dir='ltr'>nuncupatur</span> <span class='ocrx_word' id='word_1_262' title='bbox 485 1327 494 1345; x_wconf 73' lang='grc' dir='ltr'><strong><em>ε</em></strong></span> <span class='ocrx_word' id='word_1_263' title='bbox 525 1314 664 1348; x_wconf 72' lang='lat' dir='ltr'>Fructus</span> <span class='ocrx_word' id='word_1_264' title='bbox 680 1313 854 1348; x_wconf 86' lang='lat' dir='ltr'>Bonorum</span> <span class='ocrx_word' id='word_1_265' title='bbox 868 1313 1195 1348; x_wconf 81' lang='lat' dir='ltr'>Commendatorum</span> <span class='ocrx_word' id='word_1_266' title='bbox 1208 1310 1315 1345; x_wconf 90' lang='lat' dir='ltr'>minui</span> <span class='ocrx_word' id='word_1_267' title='bbox 1345 1321 1412 1345; x_wconf 93' lang='lat' dir='ltr'>non</span> <span class='ocrx_word' id='word_1_268' title='bbox 1431 1309 1558 1356; x_wconf 53' lang='lat' dir='ltr'>posse,</span> 
     </span>
     <span class='ocr_line' id='line_1_28' title="bbox 98 1356 1558 1407; baseline -0.001 -13"><span class='ocrx_word' id='word_1_269' title='bbox 98 1358 280 1403; x_wconf 67' lang='lat' dir='ltr'>Praepolito</span> <span class='ocrx_word' id='word_1_270' title='bbox 293 1384 304 1398; x_wconf 86' lang='lat'><strong>,</strong></span> <span class='ocrx_word' id='word_1_271' title='bbox 329 1370 407 1405; x_wconf 90' lang='lat' dir='ltr'>quia</span> <span class='ocrx_word' id='word_1_272' title='bbox 433 1371 494 1395; x_wconf 89' lang='lat' dir='ltr'>nec</span> <span class='ocrx_word' id='word_1_273' title='bbox 509 1359 735 1407; x_wconf 81' lang='lat' dir='ltr'>Episcopatus</span> <span class='ocrx_word' id='word_1_274' title='bbox 747 1372 852 1395; x_wconf 91' lang='lat' dir='ltr'>onera</span> <span class='ocrx_word' id='word_1_275' title='bbox 867 1360 953 1395; x_wconf 86' lang='lat' dir='ltr'>ferre</span> <span class='ocrx_word' id='word_1_276' title='bbox 966 1387 976 1400; x_wconf 83' lang='lat'>,</span> <span class='ocrx_word' id='word_1_277' title='bbox 1003 1372 1066 1395; x_wconf 91' lang='lat' dir='ltr'>nec</span> <span class='ocrx_word' id='word_1_278' title='bbox 1081 1359 1255 1394; x_wconf 73' lang='lat' dir='ltr'>Senatori&#39;s</span> <span class='ocrx_word' id='word_1_279' title='bbox 1274 1356 1389 1404; x_wconf 77' lang='lat' dir='ltr'>Regni</span> <span class='ocrx_word' id='word_1_280' title='bbox 1415 1369 1558 1393; x_wconf 87' lang='lat' dir='ltr'>munere</span> 
     </span>
     <span class='ocr_line' id='line_1_29' title="bbox 99 1405 1558 1454; baseline 0 -14"><span class='ocrx_word' id='word_1_281' title='bbox 99 1405 195 1451; x_wconf 81' lang='lat' dir='ltr'>fungi</span> <span class='ocrx_word' id='word_1_282' title='bbox 211 1406 341 1453; x_wconf 85' lang='lat' dir='ltr'>posset:</span> <span class='ocrx_word' id='word_1_283' title='bbox 366 1406 476 1442; x_wconf 90' lang='lat' dir='ltr'>nullos</span> <span class='ocrx_word' id='word_1_284' title='bbox 489 1409 520 1443; x_wconf 91' lang='lat' dir='ltr'>ei</span> <span class='ocrx_word' id='word_1_285' title='bbox 538 1408 663 1444; x_wconf 62' lang='lat' dir='ltr'>fructus</span> <span class='ocrx_word' id='word_1_286' title='bbox 678 1406 839 1454; x_wconf 79' lang='lat' dir='ltr'>supetess‘e</span> <span class='ocrx_word' id='word_1_287' title='bbox 851 1436 861 1448; x_wconf 89' lang='lat'>,</span> <span class='ocrx_word' id='word_1_288' title='bbox 877 1406 934 1454; x_wconf 87' lang='lat' dir='ltr'>qui</span> <span class='ocrx_word' id='word_1_289' title='bbox 950 1408 981 1442; x_wconf 93' lang='lat' dir='ltr'>in</span> <span class='ocrx_word' id='word_1_290' title='bbox 997 1407 1249 1452; x_wconf 80' lang='lat' dir='ltr'>reparationem</span> <span class='ocrx_word' id='word_1_291' title='bbox 1262 1405 1475 1441; x_wconf 73' lang='lat' dir='ltr'>Cathedratis</span> <span class='ocrx_word' id='word_1_292' title='bbox 1492 1406 1558 1440; x_wconf 83' lang='lat' dir='ltr'>Ec-</span> 
     </span>
     <span class='ocr_line' id='line_1_30' title="bbox 98 1452 1558 1501; baseline 0.001 -14"><span class='ocrx_word' id='word_1_293' title='bbox 98 1453 207 1489; x_wconf 75' lang='lat' dir='ltr'>clesia:</span> <span class='ocrx_word' id='word_1_294' title='bbox 220 1480 230 1494; x_wconf 93' lang='lat'>,</span> <span class='ocrx_word' id='word_1_295' title='bbox 255 1455 285 1488; x_wconf 72' lang='grc' dir='ltr'>δι</span> <span class='ocrx_word' id='word_1_296' title='bbox 302 1452 334 1487; x_wconf 91' lang='lat' dir='ltr'>in</span> <span class='ocrx_word' id='word_1_297' title='bbox 350 1455 572 1491; x_wconf 80' lang='lat' dir='ltr'>Seminarium</span> <span class='ocrx_word' id='word_1_298' title='bbox 588 1482 598 1495; x_wconf 90' lang='lat'>‚</span> <span class='ocrx_word' id='word_1_299' title='bbox 624 1466 690 1501; x_wconf 87' lang='lat' dir='ltr'>quo</span> <span class='ocrx_word' id='word_1_300' title='bbox 705 1467 800 1491; x_wconf 87' lang='lat' dir='ltr'>caret</span> <span class='ocrx_word' id='word_1_301' title='bbox 815 1455 1071 1493; x_wconf 81' lang='lat' dir='ltr'>Camenecenlis</span> <span class='ocrx_word' id='word_1_302' title='bbox 1085 1453 1248 1490; x_wconf 77' lang='lat' dir='ltr'>Diaecelis</span> <span class='ocrx_word' id='word_1_303' title='bbox 1263 1453 1428 1499; x_wconf 83' lang='lat' dir='ltr'>erogandi</span> <span class='ocrx_word' id='word_1_304' title='bbox 1441 1454 1558 1500; x_wconf 85' lang='lat' dir='ltr'>potius</span> 
     </span>
     <span class='ocr_line' id='line_1_31' title="bbox 99 1498 1556 1549; baseline 0.001 -15"><span class='ocrx_word' id='word_1_305' title='bbox 99 1498 204 1534; x_wconf 83' lang='lat' dir='ltr'>effent</span> <span class='ocrx_word' id='word_1_306' title='bbox 219 1528 230 1541; x_wconf 94' lang='lat'>,</span> <span class='ocrx_word' id='word_1_307' title='bbox 259 1512 358 1547; x_wconf 71' lang='lat' dir='ltr'>quain</span> <span class='ocrx_word' id='word_1_308' title='bbox 374 1501 409 1537; x_wconf 83' lang='lat' dir='ltr'>in</span> <span class='ocrx_word' id='word_1_309' title='bbox 431 1504 677 1549; x_wconf 79' lang='lat' dir='ltr'>reparationem</span> <span class='ocrx_word' id='word_1_310' title='bbox 693 1502 892 1540; x_wconf 84' lang='lat' dir='ltr'>Monasterii</span> <span class='ocrx_word' id='word_1_311' title='bbox 910 1502 1203 1538; x_wconf 79' lang='lat' dir='ltr'>Miechovienlis:</span> <span class='ocrx_word' id='word_1_312' title='bbox 1231 1500 1326 1534; x_wconf 87' lang='lat' dir='ltr'>addit</span> <span class='ocrx_word' id='word_1_313' title='bbox 1351 1500 1556 1547; x_wconf 67' lang='lat' dir='ltr'>Praepofituz</span> 
     </span>
     <span class='ocr_line' id='line_1_32' title="bbox 98 1546 1559 1598; baseline 0.002 -18"><span class='ocrx_word' id='word_1_314' title='bbox 98 1546 411 1596; x_wconf 84' lang='lat' dir='ltr'>Commendatarius</span> <span class='ocrx_word' id='word_1_315' title='bbox 435 1551 694 1598; x_wconf 76' lang='lat' dir='ltr'>pr.etei·l&#39;agum</span> <span class='ocrx_word' id='word_1_316' title='bbox 713 1552 972 1587; x_wconf 74' lang='lat' dir='ltr'>Gortatovvicz</span> <span class='ocrx_word' id='word_1_317' title='bbox 997 1549 1080 1586; x_wconf 87' lang='lat' dir='ltr'>alios</span> <span class='ocrx_word' id='word_1_318' title='bbox 1107 1550 1210 1584; x_wconf 86' lang='lat' dir='ltr'>etiam</span> <span class='ocrx_word' id='word_1_319' title='bbox 1229 1548 1434 1583; x_wconf 84' lang='lat' dir='ltr'>Monasterio</span> <span class='ocrx_word' id='word_1_320' title='bbox 1461 1550 1559 1583; x_wconf 82' lang='lat' dir='ltr'>datos</span> 
     </span>
     <span class='ocr_line' id='line_1_33' title="bbox 99 1593 1557 1642; baseline 0.002 -14"><span class='ocrx_word' id='word_1_321' title='bbox 99 1593 194 1630; x_wconf 83' lang='lat' dir='ltr'>fuiss&#39;e</span> <span class='ocrx_word' id='word_1_322' title='bbox 215 1608 273 1640; x_wconf 87' lang='lat' dir='ltr'>pro</span> <span class='ocrx_word' id='word_1_323' title='bbox 287 1596 424 1633; x_wconf 75' lang='lat' dir='ltr'>Fabrica</span> <span class='ocrx_word' id='word_1_324' title='bbox 438 1597 601 1634; x_wconf 68' lang='lat' dir='ltr'>Ecclesiae·</span> <span class='ocrx_word' id='word_1_325' title='bbox 617 1610 659 1633; x_wconf 87' lang='lat' dir='ltr'>ex</span> <span class='ocrx_word' id='word_1_326' title='bbox 681 1598 942 1635; x_wconf 87' lang='lat' dir='ltr'>Constitutiune</span> <span class='ocrx_word' id='word_1_327' title='bbox 965 1598 1113 1642; x_wconf 87' lang='lat' dir='ltr'>optimi,</span> <span class='ocrx_word' id='word_1_328' title='bbox 1140 1596 1347 1640; x_wconf 82' lang='lat' dir='ltr'>maximique</span> <span class='ocrx_word' id='word_1_329' title='bbox 1376 1596 1557 1630; x_wconf 73' lang='lat' dir='ltr'>pontificis</span> 
     </span>
     <span class='ocr_line' id='line_1_34' title="bbox 97 1641 1557 1693; baseline 0.003 -18"><span class='ocrx_word' id='word_1_330' title='bbox 97 1641 224 1678; x_wconf 73' lang='lat' dir='ltr'>Leonis</span> <span class='ocrx_word' id='word_1_331' title='bbox 239 1642 285 1679; x_wconf 88' lang='lat' dir='ltr'>X.</span> <span class='ocrx_word' id='word_1_332' title='bbox 300 1671 310 1684; x_wconf 89' lang='lat'>‚</span> <span class='ocrx_word' id='word_1_333' title='bbox 335 1645 366 1679; x_wconf 76' lang='grc' dir='ltr'>δι</span> <span class='ocrx_word' id='word_1_334' title='bbox 389 1645 464 1679; x_wconf 88' lang='lat' dir='ltr'>ideo</span> <span class='ocrx_word' id='word_1_335' title='bbox 478 1657 546 1680; x_wconf 88' lang='lat' dir='ltr'>non</span> <span class='ocrx_word' id='word_1_336' title='bbox 569 1647 754 1682; x_wconf 88' lang='lat' dir='ltr'>convenire</span> <span class='ocrx_word' id='word_1_337' title='bbox 767 1646 963 1693; x_wconf 87' lang='lat' dir='ltr'>exemplum</span> <span class='ocrx_word' id='word_1_338' title='bbox 980 1646 1124 1682; x_wconf 89' lang='lat' dir='ltr'>Abbatis</span> <span class='ocrx_word' id='word_1_339' title='bbox 1138 1644 1430 1680; x_wconf 76' lang='lat' dir='ltr'>commendatarii·</span> <span class='ocrx_word' id='word_1_340' title='bbox 1444 1642 1557 1679; x_wconf 73' lang='lat' dir='ltr'>Clam:</span> 
     </span>
     <span class='ocr_line' id='line_1_35' title="bbox 97 1686 1028 1740; baseline 0.006 -15"><span class='ocrx_word' id='word_1_341' title='bbox 97 1686 244 1740; x_wconf 49' lang='lat' dir='ltr'>sl‘umbae</span> <span class='ocrx_word' id='word_1_342' title='bbox 257 1718 267 1730; x_wconf 87' lang='lat'><em>,</em></span> <span class='ocrx_word' id='word_1_343' title='bbox 289 1691 347 1740; x_wconf 91' lang='lat' dir='ltr'>qui</span> <span class='ocrx_word' id='word_1_344' title='bbox 361 1703 486 1740; x_wconf 67' lang='lat' dir='ltr'>praeter</span> <span class='ocrx_word' id='word_1_345' title='bbox 498 1704 651 1739; x_wconf 79' lang='lat' dir='ltr'>quartam</span> <span class='ocrx_word' id='word_1_346' title='bbox 665 1694 713 1728; x_wconf 92' lang='lat' dir='ltr'>nil</span> <span class='ocrx_word' id='word_1_347' title='bbox 727 1694 821 1730; x_wconf 86' lang='lat' dir='ltr'>aliud</span> <span class='ocrx_word' id='word_1_348' title='bbox 845 1693 1003 1729; x_wconf 85' lang='lat' dir='ltr'>solvebat</span> <span class='ocrx_word' id='word_1_349' title='bbox 1021 1724 1028 1731; x_wconf 92' lang='lat'>.</span> 
     </span>
    </p>

    <p class='ocr_par' dir='ltr' id='par_1_3' title="bbox 53 1730 1558 2783">
     <span class='ocr_line' id='line_1_36' title="bbox 53 1730 1558 1788; baseline 0.001 -16"><span class='ocrx_word' id='word_1_350' title='bbox 53 1730 120 1771; x_wconf 75' lang='lat' dir='ltr'>His</span> <span class='ocrx_word' id='word_1_351' title='bbox 136 1738 315 1783; x_wconf 78' lang='lat' dir='ltr'>respondet</span> <span class='ocrx_word' id='word_1_352' title='bbox 329 1738 525 1788; x_wconf 77' lang='lat' dir='ltr'>Praepofitus</span> <span class='ocrx_word' id='word_1_353' title='bbox 536 1740 742 1777; x_wconf 84' lang='lat' dir='ltr'>Generalis:</span> <span class='ocrx_word' id='word_1_354' title='bbox 772 1742 976 1788; x_wconf 82' lang='lat' dir='ltr'>Exemplum</span> <span class='ocrx_word' id='word_1_355' title='bbox 994 1743 1028 1779; x_wconf 82' lang='lat' dir='ltr'>P.</span> <span class='ocrx_word' id='word_1_356' title='bbox 1044 1742 1227 1778; x_wconf 88' lang='lat' dir='ltr'>Generalis</span> <span class='ocrx_word' id='word_1_357' title='bbox 1242 1739 1382 1777; x_wconf 85' lang='lat' dir='ltr'>Ordinis</span> <span class='ocrx_word' id='word_1_358' title='bbox 1400 1740 1448 1775; x_wconf 89' lang='lat' dir='ltr'>D.</span> <span class='ocrx_word' id='word_1_359' title='bbox 1479 1738 1558 1773; x_wconf 85' lang='lat' dir='ltr'>Au·-</span> 
     </span>
     <span class='ocr_line' id='line_1_37' title="bbox 97 1783 1557 1836; baseline 0.001 -17"><span class='ocrx_word' id='word_1_360' title='bbox 97 1783 221 1835; x_wconf 79' lang='lat' dir='ltr'>gustini</span> <span class='ocrx_word' id='word_1_361' title='bbox 234 1787 331 1835; x_wconf 87' lang='lat' dir='ltr'>longe</span> <span class='ocrx_word' id='word_1_362' title='bbox 347 1789 496 1824; x_wconf 90' lang='lat' dir='ltr'>alienum</span> <span class='ocrx_word' id='word_1_363' title='bbox 509 1787 572 1824; x_wconf 80' lang='lat' dir='ltr'>effe</span> <span class='ocrx_word' id='word_1_364' title='bbox 583 1815 593 1829; x_wconf 91' lang='lat'><strong>,</strong></span> <span class='ocrx_word' id='word_1_365' title='bbox 611 1801 721 1836; x_wconf 86' lang='lat' dir='ltr'>neque</span> <span class='ocrx_word' id='word_1_366' title='bbox 739 1789 819 1826; x_wconf 88' lang='lat' dir='ltr'>huic</span> <span class='ocrx_word' id='word_1_367' title='bbox 835 1791 956 1827; x_wconf 87' lang='lat' dir='ltr'>inorbo</span> <span class='ocrx_word' id='word_1_368' title='bbox 970 1792 1087 1826; x_wconf 85' lang='lat' dir='ltr'>eadem</span> <span class='ocrx_word' id='word_1_369' title='bbox 1104 1790 1273 1827; x_wconf 86' lang='lat' dir='ltr'>medicina</span> <span class='ocrx_word' id='word_1_370' title='bbox 1287 1789 1338 1825; x_wconf 92' lang='lat' dir='ltr'>uti</span> <span class='ocrx_word' id='word_1_371' title='bbox 1353 1785 1439 1833; x_wconf 86' lang='lat' dir='ltr'>posse</span> <span class='ocrx_word' id='word_1_372' title='bbox 1454 1814 1463 1826; x_wconf 84' lang='lat'><em>‚</em></span> <span class='ocrx_word' id='word_1_373' title='bbox 1479 1797 1557 1821; x_wconf 88' lang='lat' dir='ltr'>curn</span> 
     </span>
     <span class='ocr_line' id='line_1_38' title="bbox 97 1831 1556 1885; baseline 0.003 -20"><span class='ocrx_word' id='word_1_374' title='bbox 97 1831 223 1869; x_wconf 71' lang='lat' dir='ltr'>lumina</span> <span class='ocrx_word' id='word_1_375' title='bbox 251 1834 287 1869; x_wconf 90' lang='lat' dir='ltr'>sit</span> <span class='ocrx_word' id='word_1_376' title='bbox 308 1836 425 1882; x_wconf 72' lang='lat' dir='ltr'>inopia</span> <span class='ocrx_word' id='word_1_377' title='bbox 441 1863 451 1876; x_wconf 85' lang='lat'>,</span> <span class='ocrx_word' id='word_1_378' title='bbox 474 1837 505 1871; x_wconf 75' lang='grc' dir='ltr'>ὅτ</span> <span class='ocrx_word' id='word_1_379' title='bbox 521 1846 700 1885; x_wconf 70' lang='lat' dir='ltr'>paupertas</span> <span class='ocrx_word' id='word_1_380' title='bbox 715 1837 999 1874; x_wconf 77' lang='lat' dir='ltr'>Monasteriorum</span> <span class='ocrx_word' id='word_1_381' title='bbox 1015 1839 1114 1881; x_wconf 78' lang='lat' dir='ltr'>hujus</span> <span class='ocrx_word' id='word_1_382' title='bbox 1130 1837 1274 1875; x_wconf 80' lang='lat' dir='ltr'>Ordinis</span> <span class='ocrx_word' id='word_1_383' title='bbox 1287 1865 1296 1877; x_wconf 86' lang='lat'><em>,</em></span> <span class='ocrx_word' id='word_1_384' title='bbox 1312 1848 1385 1882; x_wconf 79' lang='lat' dir='ltr'>quae</span> <span class='ocrx_word' id='word_1_385' title='bbox 1406 1836 1556 1869; x_wconf 60' lang='lat' dir='ltr'>omnia-2</span> 
     </span>
     <span class='ocr_line' id='line_1_39' title="bbox 97 1881 1557 1933; baseline 0 -19"><span class='ocrx_word' id='word_1_386' title='bbox 97 1881 310 1931; x_wconf 71' lang='lat' dir='ltr'>reparatione</span> <span class='ocrx_word' id='word_1_387' title='bbox 330 1883 511 1932; x_wconf 74' lang='lat' dir='ltr'>indigent,</span> <span class='ocrx_word' id='word_1_388' title='bbox 535 1898 599 1922; x_wconf 58' lang='lat' dir='ltr'>neae</span> <span class='ocrx_word' id='word_1_389' title='bbox 613 1886 762 1932; x_wconf 86' lang='lat' dir='ltr'>reparari</span> <span class='ocrx_word' id='word_1_390' title='bbox 785 1885 943 1933; x_wconf 83' lang='lat' dir='ltr'>possunt,</span> <span class='ocrx_word' id='word_1_391' title='bbox 975 1897 1050 1920; x_wconf 90' lang='lat' dir='ltr'>cum</span> <span class='ocrx_word' id='word_1_392' title='bbox 1066 1888 1108 1918; x_wconf 82' lang='lat' dir='ltr'>ab</span> <span class='ocrx_word' id='word_1_393' title='bbox 1134 1884 1314 1918; x_wconf 74' lang='lat' dir='ltr'>Haereticis</span> <span class='ocrx_word' id='word_1_394' title='bbox 1333 1908 1342 1920; x_wconf 92' lang='lat'>,</span> <span class='ocrx_word' id='word_1_395' title='bbox 1368 1883 1400 1914; x_wconf 78' lang='grc' dir='ltr'>δι</span> <span class='ocrx_word' id='word_1_396' title='bbox 1426 1881 1557 1915; x_wconf 84' lang='lat' dir='ltr'>Poten-</span> 
     </span>
     <span class='ocr_line' id='line_1_40' title="bbox 97 1926 1557 1978; baseline 0 -17"><span class='ocrx_word' id='word_1_397' title='bbox 97 1928 243 1963; x_wconf 81' lang='lat' dir='ltr'>tioribus</span> <span class='ocrx_word' id='word_1_398' title='bbox 269 1930 365 1966; x_wconf 80' lang='lat' dir='ltr'>Viris</span> <span class='ocrx_word' id='word_1_399' title='bbox 378 1931 475 1967; x_wconf 89' lang='lat' dir='ltr'>bonis</span> <span class='ocrx_word' id='word_1_400' title='bbox 493 1933 634 1978; x_wconf 89' lang='lat' dir='ltr'>spoliata</span> <span class='ocrx_word' id='word_1_401' title='bbox 653 1932 801 1966; x_wconf 85' lang='lat' dir='ltr'>fuerint:</span> <span class='ocrx_word' id='word_1_402' title='bbox 830 1943 1008 1966; x_wconf 86' lang='lat' dir='ltr'>numerum</span> <span class='ocrx_word' id='word_1_403' title='bbox 1023 1942 1158 1975; x_wconf 84' lang='lat' dir='ltr'>quoque</span> <span class='ocrx_word' id='word_1_404' title='bbox 1172 1939 1290 1964; x_wconf 90' lang='lat' dir='ltr'>eorum</span> <span class='ocrx_word' id='word_1_405' title='bbox 1313 1926 1414 1972; x_wconf 86' lang='lat' dir='ltr'>longe</span> <span class='ocrx_word' id='word_1_406' title='bbox 1437 1927 1557 1961; x_wconf 88' lang='lat' dir='ltr'>mino-</span> 
     </span>
     <span class='ocr_line' id='line_1_41' title="bbox 95 1972 1557 2025; baseline -0.001 -17"><span class='ocrx_word' id='word_1_407' title='bbox 95 1984 168 2014; x_wconf 79' lang='lat' dir='ltr'>rem</span> <span class='ocrx_word' id='word_1_408' title='bbox 189 1974 252 2010; x_wconf 80' lang='lat' dir='ltr'>effe</span> <span class='ocrx_word' id='word_1_409' title='bbox 275 1984 417 2021; x_wconf 81' lang='lat' dir='ltr'>nurnero</span> <span class='ocrx_word' id='word_1_410' title='bbox 442 1980 579 2015; x_wconf 86' lang='lat' dir='ltr'>illorum</span> <span class='ocrx_word' id='word_1_411' title='bbox 605 1979 744 2014; x_wconf 85' lang='lat' dir='ltr'>Ordinis</span> <span class='ocrx_word' id='word_1_412' title='bbox 772 1976 1038 2023; x_wconf 86' lang='lat' dir='ltr'>Augustiniani:</span> <span class='ocrx_word' id='word_1_413' title='bbox 1066 1975 1315 2011; x_wconf 88' lang='lat' dir='ltr'>Intributiones</span> <span class='ocrx_word' id='word_1_414' title='bbox 1344 1972 1458 2019; x_wconf 89' lang='lat' dir='ltr'>paucis</span> <span class='ocrx_word' id='word_1_415' title='bbox 1484 1973 1557 2025; x_wconf 75' lang='lat' dir='ltr'>liis,</span> 
     </span>
     <span class='ocr_line' id='line_1_42' title="bbox 96 2018 1558 2069; baseline 0.001 -13"><span class='ocrx_word' id='word_1_416' title='bbox 96 2021 127 2057; x_wconf 76' lang='grc' dir='ltr'>δι</span> <span class='ocrx_word' id='word_1_417' title='bbox 144 2024 343 2069; x_wconf 76' lang='lat' dir='ltr'>pauperibus</span> <span class='ocrx_word' id='word_1_418' title='bbox 358 2024 572 2062; x_wconf 81' lang='lat' dir='ltr'>Monasteriis</span> <span class='ocrx_word' id='word_1_419' title='bbox 586 2025 688 2061; x_wconf 84' lang='lat' dir='ltr'>indici</span> <span class='ocrx_word' id='word_1_420' title='bbox 705 2036 769 2059; x_wconf 91' lang='lat' dir='ltr'>non</span> <span class='ocrx_word' id='word_1_421' title='bbox 797 2023 884 2069; x_wconf 82' lang='lat' dir='ltr'>poffe</span> <span class='ocrx_word' id='word_1_422' title='bbox 900 2050 910 2063; x_wconf 91' lang='lat'><em>,</em></span> <span class='ocrx_word' id='word_1_423' title='bbox 931 2035 1008 2060; x_wconf 87' lang='lat' dir='ltr'>cum</span> <span class='ocrx_word' id='word_1_424' title='bbox 1033 2021 1291 2058; x_wconf 78' lang='lat' dir='ltr'>Miechoviense</span> <span class='ocrx_word' id='word_1_425' title='bbox 1309 2018 1558 2057; x_wconf 77' lang='lat' dir='ltr'>monasterium</span> 
     </span>
     <span class='ocr_line' id='line_1_43' title="bbox 100 2066 1553 2120; baseline -0.001 -16"><span class='ocrx_word' id='word_1_426' title='bbox 100 2067 172 2104; x_wconf 86' lang='lat' dir='ltr'>suos</span> <span class='ocrx_word' id='word_1_427' title='bbox 188 2071 311 2107; x_wconf 85' lang='lat' dir='ltr'>habeat</span> <span class='ocrx_word' id='word_1_428' title='bbox 325 2073 473 2109; x_wconf 81' lang='lat' dir='ltr'>redditus</span> <span class='ocrx_word' id='word_1_429' title='bbox 487 2097 497 2111; x_wconf 83' lang='lat'>,</span> <span class='ocrx_word' id='word_1_430' title='bbox 521 2085 607 2120; x_wconf 82' lang='lat' dir='ltr'>quos</span> <span class='ocrx_word' id='word_1_431' title='bbox 621 2072 767 2119; x_wconf 85' lang='lat' dir='ltr'>percipit</span> <span class='ocrx_word' id='word_1_432' title='bbox 785 2071 982 2116; x_wconf 74' lang='lat' dir='ltr'>Praeposims</span> <span class='ocrx_word' id='word_1_433' title='bbox 999 2071 1323 2107; x_wconf 84' lang='lat' dir='ltr'>Commendatarius</span> <span class='ocrx_word' id='word_1_434' title='bbox 1338 2094 1347 2108; x_wconf 94' lang='lat'><em>‚</em></span> <span class='ocrx_word' id='word_1_435' title='bbox 1373 2068 1404 2102; x_wconf 79' lang='grc' dir='ltr'>δι</span> <span class='ocrx_word' id='word_1_436' title='bbox 1426 2066 1553 2112; x_wconf 82' lang='lat' dir='ltr'>quibus</span> 
     </span>
     <span class='ocr_line' id='line_1_44' title="bbox 99 2116 1554 2168; baseline 0 -18"><span class='ocrx_word' id='word_1_437' title='bbox 99 2118 449 2168; x_wconf 80' lang='lat' dir='ltr'>caretMonasterium</span> <span class='ocrx_word' id='word_1_438' title='bbox 466 2120 513 2155; x_wconf 88' lang='lat' dir='ltr'>D.</span> <span class='ocrx_word' id='word_1_439' title='bbox 530 2119 713 2167; x_wconf 84' lang='lat' dir='ltr'>Augustini</span> <span class='ocrx_word' id='word_1_440' title='bbox 728 2121 854 2155; x_wconf 85' lang='lat' dir='ltr'>Urbis:</span> <span class='ocrx_word' id='word_1_441' title='bbox 881 2119 1050 2155; x_wconf 86' lang='lat' dir='ltr'>Redditus</span> <span class='ocrx_word' id='word_1_442' title='bbox 1077 2117 1257 2166; x_wconf 83' lang='lat' dir='ltr'>Praeposito</span> <span class='ocrx_word' id='word_1_443' title='bbox 1283 2116 1554 2152; x_wconf 81' lang='lat' dir='ltr'>Cammendata-</span> 
     </span>
     <span class='ocr_line' id='line_1_45' title="bbox 100 2166 1555 2213; baseline 0.001 -15"><span class='ocrx_word' id='word_1_444' title='bbox 100 2173 150 2198; x_wconf 79' lang='lat' dir='ltr'>rio</span> <span class='ocrx_word' id='word_1_445' title='bbox 163 2175 201 2200; x_wconf 86' lang='lat' dir='ltr'>ea</span> <span class='ocrx_word' id='word_1_446' title='bbox 226 2166 300 2213; x_wconf 87' lang='lat' dir='ltr'>lege</span> <span class='ocrx_word' id='word_1_447' title='bbox 313 2167 488 2213; x_wconf 70' lang='lat' dir='ltr'>asi-ignaros</span> <span class='ocrx_word' id='word_1_448' title='bbox 502 2167 595 2203; x_wconf 80' lang='lat' dir='ltr'>fuiffe</span> <span class='ocrx_word' id='word_1_449' title='bbox 609 2196 619 2209; x_wconf 85' lang='lat'><strong>,</strong></span> <span class='ocrx_word' id='word_1_450' title='bbox 644 2169 819 2204; x_wconf 69' lang='lat' dir='ltr'>dummodo</span> <span class='ocrx_word' id='word_1_451' title='bbox 837 2169 990 2203; x_wconf 76' lang='lat' dir='ltr'>Divinus</span> <span class='ocrx_word' id='word_1_452' title='bbox 1010 2169 1125 2203; x_wconf 73' lang='lat' dir='ltr'>cultus</span> <span class='ocrx_word' id='word_1_453' title='bbox 1139 2194 1148 2206; x_wconf 89' lang='lat'>‚</span> <span class='ocrx_word' id='word_1_454' title='bbox 1171 2166 1351 2209; x_wconf 67' lang='lat' dir='ltr'>&amp;Jblitus</span> <span class='ocrx_word' id='word_1_455' title='bbox 1368 2166 1555 2200; x_wconf 57' lang='lat' dir='ltr'>eanonico-</span> 
     </span>
     <span class='ocr_line' id='line_1_46' title="bbox 101 2212 1556 2257; baseline -0.003 -5"><span class='ocrx_word' id='word_1_456' title='bbox 101 2221 174 2246; x_wconf 67' lang='lat' dir='ltr'>”lm</span> <span class='ocrx_word' id='word_1_457' title='bbox 201 2239 212 2255; x_wconf 83' lang='lat'>‚</span> <span class='ocrx_word' id='word_1_458' title='bbox 249 2224 292 2252; x_wconf 55' lang='grc' dir='ltr'><em>Θ</em></span> <span class='ocrx_word' id='word_1_459' title='bbox 320 2215 551 2256; x_wconf 63' lang='lat' dir='ltr'>Ministrorum</span> <span class='ocrx_word' id='word_1_460' title='bbox 576 2229 736 2252; x_wconf 78' lang='lat' dir='ltr'>numerus</span> <span class='ocrx_word' id='word_1_461' title='bbox 760 2215 957 2251; x_wconf 72' lang='lat' dir='ltr'>nullatenus</span> <span class='ocrx_word' id='word_1_462' title='bbox 980 2217 1192 2251; x_wconf 79' lang='lat' dir='ltr'>minueretur</span> <span class='ocrx_word' id='word_1_463' title='bbox 1215 2226 1222 2246; x_wconf 91' lang='lat'>:</span> <span class='ocrx_word' id='word_1_464' title='bbox 1258 2212 1383 2257; x_wconf 79' lang='lat' dir='ltr'>Pagum</span> <span class='ocrx_word' id='word_1_465' title='bbox 1409 2217 1556 2247; x_wconf 76' lang='lat' dir='ltr'>Gortato</span> 
     </span>
     <span class='ocr_line' id='line_1_47' title="bbox 101 2258 1556 2308; baseline 0.001 -16"><span class='ocrx_word' id='word_1_466' title='bbox 101 2260 214 2296; x_wconf 78' lang='lat' dir='ltr'>Vvicz</span> <span class='ocrx_word' id='word_1_467' title='bbox 239 2261 451 2297; x_wconf 80' lang='lat' dir='ltr'>a‘Cardinali</span> <span class='ocrx_word' id='word_1_468' title='bbox 474 2261 618 2308; x_wconf 85' lang='lat' dir='ltr'>Lipskio</span> <span class='ocrx_word' id='word_1_469' title='bbox 633 2274 699 2297; x_wconf 84' lang='lat' dir='ltr'>non</span> <span class='ocrx_word' id='word_1_470' title='bbox 719 2261 754 2296; x_wconf 89' lang='lat' dir='ltr'>in</span> <span class='ocrx_word' id='word_1_471' title='bbox 770 2261 904 2298; x_wconf 78' lang='lat' dir='ltr'>fabricae</span> <span class='ocrx_word' id='word_1_472' title='bbox 917 2263 1054 2297; x_wconf 82' lang='lat' dir='ltr'>causam</span> <span class='ocrx_word' id='word_1_473' title='bbox 1069 2289 1079 2303; x_wconf 89' lang='lat'><strong>,</strong></span> <span class='ocrx_word' id='word_1_474' title='bbox 1103 2261 1157 2297; x_wconf 87' lang='lat' dir='ltr'>sed</span> <span class='ocrx_word' id='word_1_475' title='bbox 1175 2262 1370 2306; x_wconf 55' lang='lat' dir='ltr'>superioris</span> <span class='ocrx_word' id='word_1_476' title='bbox 1391 2258 1556 2300; x_wconf 65' lang='lat' dir='ltr'>claustra-</span> 
     </span>
     <span class='ocr_line' id='line_1_48' title="bbox 101 2303 1553 2356; baseline -0.002 -14"><span class='ocrx_word' id='word_1_477' title='bbox 101 2303 147 2338; x_wconf 82' lang='lat' dir='ltr'>lis</span> <span class='ocrx_word' id='word_1_478' title='bbox 169 2306 434 2349; x_wconf 74' lang='lat' dir='ltr'>substentatione</span> <span class='ocrx_word' id='word_1_479' title='bbox 449 2311 648 2356; x_wconf 80' lang='lat' dir='ltr'>aliignatum</span> <span class='ocrx_word' id='word_1_480' title='bbox 666 2308 760 2345; x_wconf 82' lang='lat' dir='ltr'>fuisse</span> <span class='ocrx_word' id='word_1_481' title='bbox 777 2336 787 2350; x_wconf 90' lang='lat'>,</span> <span class='ocrx_word' id='word_1_482' title='bbox 814 2318 852 2345; x_wconf 92' lang='lat' dir='ltr'>ut</span> <span class='ocrx_word' id='word_1_483' title='bbox 872 2309 963 2344; x_wconf 89' lang='lat' dir='ltr'>estin</span> <span class='ocrx_word' id='word_1_484' title='bbox 989 2308 1112 2345; x_wconf 84' lang='lat' dir='ltr'>Literi&#39;s</span> <span class='ocrx_word' id='word_1_485' title='bbox 1128 2306 1359 2355; x_wconf 86' lang='lat' dir='ltr'>Apostolicis:</span> <span class='ocrx_word' id='word_1_486' title='bbox 1389 2304 1553 2350; x_wconf 52' lang='lat' dir='ltr'>Praeposi-</span> 
     </span>
     <span class='ocr_line' id='line_1_49' title="bbox 100 2352 1556 2403; baseline 0 -17"><span class='ocrx_word' id='word_1_487' title='bbox 100 2358 174 2403; x_wconf 82' lang='lat' dir='ltr'>tum</span> <span class='ocrx_word' id='word_1_488' title='bbox 185 2352 515 2392; x_wconf 86' lang='lat' dir='ltr'>Commendatarium</span> <span class='ocrx_word' id='word_1_489' title='bbox 534 2368 645 2392; x_wconf 82' lang='lat' dir='ltr'>annua</span> <span class='ocrx_word' id='word_1_490' title='bbox 667 2357 710 2392; x_wconf 85' lang='lat' dir='ltr'>sc.</span> <span class='ocrx_word' id='word_1_491' title='bbox 723 2358 755 2393; x_wconf 92' lang='lat'>6.</span> <span class='ocrx_word' id='word_1_492' title='bbox 782 2357 895 2392; x_wconf 86' lang='lat' dir='ltr'>millia</span> <span class='ocrx_word' id='word_1_493' title='bbox 910 2369 953 2392; x_wconf 82' lang='lat' dir='ltr'>ex</span> <span class='ocrx_word' id='word_1_494' title='bbox 966 2354 1251 2393; x_wconf 82' lang='lat' dir='ltr'>Camenenecensi</span> <span class='ocrx_word' id='word_1_495' title='bbox 1270 2352 1469 2399; x_wconf 81' lang='lat' dir='ltr'>Episcopatu</span> <span class='ocrx_word' id='word_1_496' title='bbox 1484 2363 1556 2403; x_wconf 88' lang='lat' dir='ltr'>pei·-</span> 
     </span>
     <span class='ocr_line' id='line_1_50' title="bbox 99 2399 1556 2451; baseline 0.002 -18"><span class='ocrx_word' id='word_1_497' title='bbox 99 2409 235 2444; x_wconf 82' lang='lat' dir='ltr'>cipere:</span> <span class='ocrx_word' id='word_1_498' title='bbox 264 2401 354 2439; x_wconf 89' lang='lat' dir='ltr'>Satis</span> <span class='ocrx_word' id='word_1_499' title='bbox 379 2404 450 2442; x_wconf 88' lang='lat' dir='ltr'>haec</span> <span class='ocrx_word' id='word_1_500' title='bbox 462 2404 525 2440; x_wconf 78' lang='lat' dir='ltr'>effe</span> <span class='ocrx_word' id='word_1_501' title='bbox 549 2403 731 2442; x_wconf 85' lang='lat' dir='ltr'>subeundis</span> <span class='ocrx_word' id='word_1_502' title='bbox 746 2405 944 2440; x_wconf 84' lang='lat' dir='ltr'>mutieribus</span> <span class='ocrx_word' id='word_1_503' title='bbox 958 2404 1001 2439; x_wconf 87' lang='lat' dir='ltr'>iis</span> <span class='ocrx_word' id='word_1_504' title='bbox 1018 2431 1028 2444; x_wconf 85' lang='lat'><em>‚</em></span> <span class='ocrx_word' id='word_1_505' title='bbox 1043 2405 1163 2451; x_wconf 88' lang='lat' dir='ltr'>quibus</span> <span class='ocrx_word' id='word_1_506' title='bbox 1179 2402 1357 2449; x_wconf 83' lang='lat' dir='ltr'>fungitur:</span> <span class='ocrx_word' id='word_1_507' title='bbox 1384 2399 1556 2436; x_wconf 78' lang='lat' dir='ltr'>Redditus</span> 
     </span>
     <span class='ocr_line' id='line_1_51' title="bbox 100 2446 1555 2497; baseline 0.001 -17"><span class='ocrx_word' id='word_1_508' title='bbox 100 2457 185 2492; x_wconf 87' lang='lat' dir='ltr'>quos</span> <span class='ocrx_word' id='word_1_509' title='bbox 209 2449 350 2496; x_wconf 86' lang='lat' dir='ltr'>percipit</span> <span class='ocrx_word' id='word_1_510' title='bbox 367 2463 409 2487; x_wconf 86' lang='lat' dir='ltr'>ex</span> <span class='ocrx_word' id='word_1_511' title='bbox 421 2451 522 2488; x_wconf 87' lang='lat' dir='ltr'>Bonis</span> <span class='ocrx_word' id='word_1_512' title='bbox 536 2452 793 2488; x_wconf 88' lang='lat' dir='ltr'>Commendatis</span> <span class='ocrx_word' id='word_1_513' title='bbox 809 2478 818 2492; x_wconf 93' lang='lat'><strong>,</strong></span> <span class='ocrx_word' id='word_1_514' title='bbox 838 2463 913 2486; x_wconf 64' lang='lat' dir='ltr'>&lt;non</span> <span class='ocrx_word' id='word_1_515' title='bbox 938 2451 972 2485; x_wconf 89' lang='lat' dir='ltr'>in</span> <span class='ocrx_word' id='word_1_516' title='bbox 994 2452 1239 2497; x_wconf 83' lang='lat' dir='ltr'>reparationem</span> <span class='ocrx_word' id='word_1_517' title='bbox 1252 2447 1477 2483; x_wconf 80' lang='lat' dir='ltr'>Cathedralis</span> <span class='ocrx_word' id='word_1_518' title='bbox 1494 2446 1555 2482; x_wconf 84' lang='lat' dir='ltr'>Ec-</span> 
     </span>
     <span class='ocr_line' id='line_1_52' title="bbox 99 2492 1555 2546; baseline -0.001 -15"><span class='ocrx_word' id='word_1_519' title='bbox 99 2492 208 2546; x_wconf 75' lang='lat' dir='ltr'>clesiae</span> <span class='ocrx_word' id='word_1_520' title='bbox 222 2522 233 2535; x_wconf 92' lang='lat'>‚</span> <span class='ocrx_word' id='word_1_521' title='bbox 257 2507 325 2532; x_wconf 88' lang='lat' dir='ltr'>non</span> <span class='ocrx_word' id='word_1_522' title='bbox 339 2496 372 2531; x_wconf 91' lang='lat' dir='ltr'>in</span> <span class='ocrx_word' id='word_1_523' title='bbox 384 2500 563 2536; x_wconf 85' lang='lat' dir='ltr'>Seminarii</span> <span class='ocrx_word' id='word_1_524' title='bbox 580 2499 809 2535; x_wconf 84' lang='lat' dir='ltr'>fundationem</span> <span class='ocrx_word' id='word_1_525' title='bbox 822 2525 832 2538; x_wconf 93' lang='lat'>‚</span> <span class='ocrx_word' id='word_1_526' title='bbox 855 2498 977 2545; x_wconf 89' lang='lat' dir='ltr'>quibus</span> <span class='ocrx_word' id='word_1_527' title='bbox 992 2498 1072 2535; x_wconf 89' lang='lat' dir='ltr'>satis</span> <span class='ocrx_word' id='word_1_528' title='bbox 1085 2498 1279 2535; x_wconf 80' lang='lat' dir='ltr'>consultum</span> <span class='ocrx_word' id='word_1_529' title='bbox 1294 2495 1358 2531; x_wconf 86' lang='lat' dir='ltr'>fuit</span> <span class='ocrx_word' id='word_1_530' title='bbox 1377 2494 1555 2530; x_wconf 74' lang='lat' dir='ltr'>Tridenti-</span> 
     </span>
     <span class='ocr_line' id='line_1_53' title="bbox 99 2542 1553 2594; baseline 0.001 -16"><span class='ocrx_word' id='word_1_531' title='bbox 99 2552 136 2576; x_wconf 80' lang='lat' dir='ltr'>ni</span> <span class='ocrx_word' id='word_1_532' title='bbox 150 2543 324 2584; x_wconf 75' lang='lat' dir='ltr'>Decrero,</span> <span class='ocrx_word' id='word_1_533' title='bbox 352 2544 448 2582; x_wconf 89' lang='lat' dir='ltr'>sedin</span> <span class='ocrx_word' id='word_1_534' title='bbox 474 2547 724 2594; x_wconf 78' lang='lat' dir='ltr'>reparationem</span> <span class='ocrx_word' id='word_1_535' title='bbox 738 2546 990 2582; x_wconf 84' lang='lat' dir='ltr'>Commendatae</span> <span class='ocrx_word' id='word_1_536' title='bbox 1002 2547 1180 2585; x_wconf 75' lang='lat' dir='ltr'>Ecclefiae‚</span> <span class='ocrx_word' id='word_1_537' title='bbox 1208 2557 1252 2580; x_wconf 73' lang='lat' dir='ltr'>ex</span> <span class='ocrx_word' id='word_1_538' title='bbox 1277 2542 1429 2588; x_wconf 72' lang='lat' dir='ltr'>&#39;Justitiae</span> <span class='ocrx_word' id='word_1_539' title='bbox 1452 2543 1553 2579; x_wconf 81' lang='lat' dir='ltr'>debi-</span> 
     </span>
     <span class='ocr_line' id='line_1_54' title="bbox 98 2589 1554 2638; baseline 0.001 -12"><span class='ocrx_word' id='word_1_540' title='bbox 98 2601 134 2627; x_wconf 88' lang='lat' dir='ltr'>to</span> <span class='ocrx_word' id='word_1_541' title='bbox 149 2604 219 2638; x_wconf 89' lang='lat' dir='ltr'>quo</span> <span class='ocrx_word' id='word_1_542' title='bbox 243 2591 300 2627; x_wconf 86' lang='lat' dir='ltr'>sua</span> <span class='ocrx_word' id='word_1_543' title='bbox 315 2591 434 2637; x_wconf 85' lang='lat' dir='ltr'>cuique</span> <span class='ocrx_word' id='word_1_544' title='bbox 454 2595 564 2631; x_wconf 88' lang='lat' dir='ltr'>danda</span> <span class='ocrx_word' id='word_1_545' title='bbox 590 2594 667 2630; x_wconf 89' lang='lat' dir='ltr'>sunt</span> <span class='ocrx_word' id='word_1_546' title='bbox 682 2622 691 2635; x_wconf 85' lang='lat'><em>‚</em></span> <span class='ocrx_word' id='word_1_547' title='bbox 718 2606 789 2630; x_wconf 77' lang='lat' dir='ltr'>noa</span> <span class='ocrx_word' id='word_1_548' title='bbox 806 2594 919 2630; x_wconf 88' lang='lat' dir='ltr'>aliena</span> <span class='ocrx_word' id='word_1_549' title='bbox 934 2594 1015 2629; x_wconf 82' lang='lat' dir='ltr'>aliis</span> <span class='ocrx_word' id='word_1_550' title='bbox 1027 2619 1038 2633; x_wconf 82' lang='grc'><strong>.</strong></span> <span class='ocrx_word' id='word_1_551' title='bbox 1057 2593 1122 2629; x_wconf 88' lang='lat' dir='ltr'>esse</span> <span class='ocrx_word' id='word_1_552' title='bbox 1137 2592 1341 2638; x_wconf 70' lang='lat' dir='ltr'>erogandos:</span> <span class='ocrx_word' id='word_1_553' title='bbox 1371 2589 1554 2636; x_wconf 69' lang='lat' dir='ltr'>praesertim</span> 
     </span>
     <span class='ocr_line' id='line_1_55' title="bbox 97 2636 1556 2688; baseline 0.001 -13"><span class='ocrx_word' id='word_1_554' title='bbox 97 2651 174 2675; x_wconf 91' lang='lat' dir='ltr'>cuin</span> <span class='ocrx_word' id='word_1_555' title='bbox 189 2639 323 2675; x_wconf 87' lang='lat' dir='ltr'>Domus</span> <span class='ocrx_word' id='word_1_556' title='bbox 339 2639 555 2677; x_wconf 82' lang='lat' dir='ltr'>Probationis</span> <span class='ocrx_word' id='word_1_557' title='bbox 581 2642 740 2678; x_wconf 85' lang='lat' dir='ltr'>incendio</span> <span class='ocrx_word' id='word_1_558' title='bbox 755 2641 868 2678; x_wconf 82' lang='lat' dir='ltr'>absum</span> <span class='ocrx_word' id='word_1_559' title='bbox 897 2650 930 2676; x_wconf 90' lang='lat' dir='ltr'>ta</span> <span class='ocrx_word' id='word_1_560' title='bbox 942 2639 981 2675; x_wconf 92' lang='lat' dir='ltr'>sit</span> <span class='ocrx_word' id='word_1_561' title='bbox 995 2668 1005 2681; x_wconf 83' lang='lat'>‚</span> <span class='ocrx_word' id='word_1_562' title='bbox 1033 2653 1104 2688; x_wconf 83' lang='lat' dir='ltr'>quae</span> <span class='ocrx_word' id='word_1_563' title='bbox 1118 2639 1218 2676; x_wconf 84' lang='lat' dir='ltr'>unica</span> <span class='ocrx_word' id='word_1_564' title='bbox 1237 2646 1307 2673; x_wconf 82' lang='lat' dir='ltr'>erat</span> <span class='ocrx_word' id='word_1_565' title='bbox 1331 2638 1364 2672; x_wconf 91' lang='lat' dir='ltr'>in</span> <span class='ocrx_word' id='word_1_566' title='bbox 1387 2636 1556 2676; x_wconf 54' lang='lat' dir='ltr'>Ordine„</span> 
     </span>
     <span class='ocr_line' id='line_1_56' title="bbox 97 2684 1556 2734; baseline -0.001 -12"><span class='ocrx_word' id='word_1_567' title='bbox 97 2686 278 2727; x_wconf 81' lang='lat' dir='ltr'>univers0,</span> <span class='ocrx_word' id='word_1_568' title='bbox 302 2699 441 2734; x_wconf 81' lang='lat' dir='ltr'>quaeque</span> <span class='ocrx_word' id='word_1_569' title='bbox 467 2689 501 2722; x_wconf 87' lang='lat' dir='ltr'>in</span> <span class='ocrx_word' id='word_1_570' title='bbox 518 2689 595 2724; x_wconf 81' lang='lat' dir='ltr'>aliis</span> <span class='ocrx_word' id='word_1_571' title='bbox 618 2688 830 2725; x_wconf 83' lang='lat' dir='ltr'>Monasterii&#39;s</span> <span class='ocrx_word' id='word_1_572' title='bbox 855 2702 875 2725; x_wconf 94' lang='lat'><em>0</em></span> <span class='ocrx_word' id='word_1_573' title='bbox 924 2699 1044 2725; x_wconf 85' lang='lat' dir='ltr'>tenues</span> <span class='ocrx_word' id='word_1_574' title='bbox 1055 2699 1169 2724; x_wconf 86' lang='lat' dir='ltr'>eorum</span> <span class='ocrx_word' id='word_1_575' title='bbox 1189 2697 1270 2732; x_wconf 86' lang='lat' dir='ltr'>opes</span> <span class='ocrx_word' id='word_1_576' title='bbox 1295 2684 1460 2721; x_wconf 88' lang='lat' dir='ltr'>collocari</span> <span class='ocrx_word' id='word_1_577' title='bbox 1486 2697 1556 2721; x_wconf 82' lang='lat' dir='ltr'>non</span> 
     </span>
     <span class='ocr_line' id='line_1_57' title="bbox 96 2732 1556 2783; baseline -0.005 -8"><span class='ocrx_word' id='word_1_578' title='bbox 96 2732 202 2780; x_wconf 83' lang='lat' dir='ltr'>potest</span> <span class='ocrx_word' id='word_1_579' title='bbox 221 2760 230 2774; x_wconf 79' lang='grc'><strong><em>,</em></strong></span> <span class='ocrx_word' id='word_1_580' title='bbox 257 2735 290 2769; x_wconf 83' lang='lat'>&amp;</span> <span class='ocrx_word' id='word_1_581' title='bbox 302 2746 377 2783; x_wconf 84' lang='lat' dir='ltr'>quae</span> <span class='ocrx_word' id='word_1_582' title='bbox 392 2737 528 2775; x_wconf 87' lang='lat' dir='ltr'>demum</span> <span class='ocrx_word' id='word_1_583' title='bbox 541 2762 553 2780; x_wconf 80' lang='grc'><strong>.</strong></span> <span class='ocrx_word' id='word_1_584' title='bbox 576 2735 638 2774; x_wconf 83' lang='lat' dir='ltr'>nisi</span> <span class='ocrx_word' id='word_1_585' title='bbox 654 2737 862 2777; x_wconf 80' lang='lat' dir='ltr'>Miechoviae</span> <span class='ocrx_word' id='word_1_586' title='bbox 883 2735 1102 2779; x_wconf 79' lang='lat' dir='ltr'>restituatur,</span> <span class='ocrx_word' id='word_1_587' title='bbox 1124 2736 1232 2772; x_wconf 61' lang='lat' dir='ltr'>aetum</span> <span class='ocrx_word' id='word_1_588' title='bbox 1246 2733 1314 2773; x_wconf 85' lang='lat' dir='ltr'>erit</span> <span class='ocrx_word' id='word_1_589' title='bbox 1327 2760 1338 2775; x_wconf 88' lang='lat'>‚</span> <span class='ocrx_word' id='word_1_590' title='bbox 1363 2734 1394 2769; x_wconf 86' lang='lat'>&amp;</span> <span class='ocrx_word' id='word_1_591' title='bbox 1413 2732 1556 2767; x_wconf 84' lang='lat' dir='ltr'>concla-</span> 
     </span>
    </p>

    <p class='ocr_par' dir='ltr' id='par_1_4' title="bbox 191 2784 1514 2827">
     <span class='ocr_line' id='line_1_58' title="bbox 191 2784 1514 2827; baseline -0.003 -8"><span class='ocrx_word' id='word_1_592' title='bbox 191 2785 404 2820; x_wconf 55' lang='lat' dir='ltr'>flammi.</span> <span class='ocrx_word' id='word_1_593' title='bbox 875 2784 908 2827; x_wconf 82' lang='lat' dir='ltr'>C</span> <span class='ocrx_word' id='word_1_594' title='bbox 934 2794 954 2821; x_wconf 78' lang='lat'>2</span> <span class='ocrx_word' id='word_1_595' title='bbox 1383 2788 1514 2816; x_wconf 83' lang='lat' dir='ltr'>matum</span> 
     </span>
    </p>
   </div>
  </div>
 </body>
</html>
