1945 3028
92 103 124 138 ὅ(
145 100 240 135 -idem
265 100 434 134 Fundator
445 97 637 134 declaratus
658 97 725 134 fuit
743 99 941 135 canonicus
956 96 1267 137 poenitentiarium
1295 97 1486 145 priusquam
1501 58 1560 137 ναῦς-

100 159 140 184 ro
157 148 216 184 ille
231 146 457 192 poffessionem
472 145 728 188 Capitulariter
743 146 1000 183 nancisceretur
1016 174 1026 189 ‚
1052 156 1242 183 metuentes
1255 146 1423 182 Canonici
1437 158 1455 181 a
1470 146 1562 184 clau·

103 196 186 232 sulis
201 223 210 235 ‚
231 194 453 240 sormulisque
471 193 700 230 instrumento
724 193 859 230 adiectis
873 221 882 234 ,
906 205 949 229 ne
975 195 1175 229 detrimenti
1202 193 1334 240 aliquid
1370 204 1537 241 caperent
1551 220 1562 234 .

105 241 263 280 libellum
281 244 479 277 obtulerunt
495 240 680 287 Episcopo,
706 252 774 288 quo
799 243 960 286 petebant
975 241 1264 280 declarationem,
1290 241 1346 276 cui
1371 242 1564 287 pleniffime

105 292 228 326 annuit
247 289 431 335 Episcopus
457 289 506 323 his
529 287 681 330 verbis„
704 289 757 323 Ad
783 288 947 330 majorem
973 289 1240 329 declarationem
1260 289 1352 323 aetus
1380 289 1560 324 ereClionis

109 364 134 379 ,‚
159 336 274 373 nostrae
301 336 385 372 novi
408 336 646 370 Canonicatus
668 335 921 372 Poenitentialis
946 336 1070 373 secutae
1094 337 1159 371 διε.
1185 335 1332 370 dicimus
1356 361 1366 375 ,
1391 335 1478 381 quod
1503 346 1563 381 per

110 411 136 427 ‚,
159 385 387 431 quascumque
403 383 568 418 clausulas
583 382 618 418 in
631 384 749 420 eodem
764 384 836 419 assu
850 382 1013 427 appositas
1028 383 1246 427 imponantes
1261 383 1401 426 plenum
1417 384 1471 422 jus
1489 384 1566 417 Ca-

108 459 134 476 „
160 433 268 468 noniae
283 430 417 465 nullum
433 431 578 474 omnino
601 430 804 466 intendimus
835 431 978 477 irrogare
1004 428 1238 476 praeiudicium
1255 428 1445 464 Canonicis
1468 429 1566 464 anti-

109 505 134 522 ,,
157 481 234 526 quis
248 503 258 517 ‚
283 491 322 514 ac
336 489 457 514 eorum
472 477 708 513 successoribus
729 481 836 524 quoad
847 475 1154 524 participationem
1167 475 1474 511 emolumentorum
1493 486 1569 521 ριό.ἓ

110 553 134 569 ,,
159 526 373 562 venientium
397 538 416 561 a
441 524 549 560 Massa
569 524 763 570 Capitulari
780 552 790 564 ,
817 526 871 560 vel
901 525 1091 564 Sacristiae,
1114 535 1186 571 quae
1209 523 1391 568 respiciant
1407 523 1566 557 distribu-

109 600 134 617 „
160 574 270 609 tiones
297 572 487 618 respective
511 573 723 621 quotidianas
737 574 874 608 ratione
895 572 1004 609 Chori
1019 600 1029 614 ,
1055 572 1112 609 vel
1128 571 1301 607 manuales
1318 571 1451 605 ratione
1466 570 1569 605 ceie-

109 647 134 664 ,‚
157 620 325 656 brationis
350 619 549 660 mistarum,
576 620 902 656 Anniversariorum
927 648 937 663 ‚
966 620 1024 656 vel
1050 618 1189 656 alterius
1214 619 1399 661 cujuslibet
1423 617 1569 657 Officii,

109 694 135 710 ‚,
159 676 263 714 prout
276 668 381 702 etiam
394 668 503 715 quoad
527 669 782 708 emolumenta,
807 679 880 715 quae
907 669 941 703 in
968 667 1141 715 posterum
1166 678 1184 701 a
1213 665 1277 711 piis
1306 663 1568 713 dispositoribus

111 741 136 758 .,
161 714 359 763 elargienda
380 715 523 750 venient
546 715 734 761 Capitulo,
758 713 910 760 expresso
932 715 1070 751 nomine
1096 713 1254 757 Capituli
1278 713 1313 747 in
1338 712 1573 748 universum-s

108 787 135 804 „
160 773 354 808 concepto:
383 762 492 802 Item,
518 763 612 809 quod
635 764 669 799 in
686 763 856 810 sequelam
872 763 967 798 vocis
981 763 1101 799 activae
1116 788 1126 804 ‚
1151 763 1183 797 &
1211 759 1341 807 passivae
1367 759 1402 794 in
1426 758 1573 805 Capitu-

112 836 138 853 „
163 809 199 845 lo
224 810 259 846 in
288 809 414 846 Literis
426 809 548 846 nostris
561 811 737 847 attributae
761 811 916 846 admistio
936 810 1017 845 novi
1032 809 1200 845 Canonici
1220 806 1573 852 Poenitentiariiope-

111 883 137 900 ‚‚
163 860 231 892 rari
265 857 384 894 debeat
410 857 445 892 iri
470 858 735 902 Spiritualibus,
758 857 903 902 respectu
928 857 1058 894 scilicet
1071 866 1282 903 negotiorum
1310 853 1571 906 Capulariuiii‚

111 931 136 947 „
162 917 239 950 quae
258 915 473 941 concernunt
488 906 607 941 statum
621 933 630 946 ‚
657 905 713 942 seu
737 905 911 942 servitium
928 904 1079 942 Eceiefiae
1093 932 1103 946 ,
1128 905 1159 940 &
1175 902 1365 943 Sacristi'ae„
1392 902 1524 937 caeteris
1538 911 1578 937 m

113 978 138 994 ‚‚
163 952 221 988 sua
245 950 411 993 firmitate
434 953 688 988 remanentibus
715 980 723 989 .

65 999 142 1042 1³0st
157 999 243 1034 hanc
259 998 415 1045 Episcopi
429 1001 694 1037 declarationem
709 1011 816 1037 novus
833 1000 1028 1037 eanonicus
1043 996 1322 1036 Poenitentiarius
1350 994 1581 1046 possessionem

115 1046 229 1083 naritus
243 1045 307 1081 suit
322 1047 577 1092 capitulariter,
599 1047 681 1084 dato
697 1049 762 1084 illo
780 1048 855 1084 loco
870 1049 904 1083 in
917 1047 1050 1087 Chore,
1068 1059 1137 1093 quo
1150 1044 1365 1091 praecedebat
1379 1043 1579 1081 Canomcos

114 1093 340 1128 Coadiutores
357 1120 366 1133 ‚
392 1094 424 1129 &
449 1094 531 1130 dum
548 1096 638 1131 vixit
652 1123 661 1135 ,
686 1096 821 1131 habitus
835 1095 899 1130 fuit
911 1107 971 1140 pro
986 1105 1065 1130 vero
1080 1095 1256 1129 canonico
1270 1116 1281 1131 ,
1304 1092 1335 1126 δι
1352 1090 1421 1136 post
1434 1090 1576 1125 obitum

113 1139 374 1176 Canonicorum
393 1140 547 1187 sepulcro
573 1143 688 1179 illatus
712 1143 778 1178 fuit
802 1169 812 1183 ‚
838 1153 1005 1189 unumque
1030 1140 1064 1176 ei
1091 1139 1202 1176 defuit
1223 1165 1233 1179 ‚
1258 1146 1298 1175 ut
1326 1149 1394 1173 non
1420 1137 1577 1183 potuerit

115 1188 169 1223 uti
185 1199 270 1223 voce
285 1189 421 1228 activa,
446 1190 478 1224 8<
499 1190 621 1234 passiva
647 1195 679 1226 in
695 1190 946 1238 spiritualium
966 1216 973 1227 ,
1001 1188 1082 1234 quia
1106 1188 1184 1222 dum
1210 1185 1326 1226 vixit,
1351 1185 1448 1220 nulla
1481 1181 1582 1218 affuit

114 1234 253 1272 occasio
266 1237 495 1282 congregandi
508 1237 712 1286 Capitulum
728 1264 737 1276 ,
763 1247 800 1273 ut
814 1245 975 1281 ageretur
985 1237 1029 1271 de
1040 1235 1081 1271 iis
1097 1261 1107 1274 ‚
1133 1246 1205 1281 quie
1225 1232 1430 1279 respicerent
1447 1230 1582 1271 statum.

115 1281 361 1327 servitiumque
377 1281 530 1318 Ecclesiae
543 1310 553 1324 ‚
580 1286 613 1319 8<
626 1284 771 1320 Sacrarii
787 1312 794 1320 .
825 1283 940 1318 Morte
958 1283 1062 1330 igitur
1089 1282 1184 1317 obita
1205 1293 1223 1315 a
1248 1281 1357 1326 primo
1371 1278 1556 1314 Canonico
1572 1303 1584 1317 ,

115 1329 151 1365 8<
168 1327 359 1363 Fundatore
373 1328 542 1366 Pellerina
561 1357 572 1372 ‚
595 1333 788 1367 nominatus
814 1329 877 1365 fuit
904 1331 943 1364 ad
971 1338 1153 1365 vacantem
1166 1327 1427 1362 Canonicatum
1457 1326 1583 1361 Petrus

115 1374 238 1421 loseph
254 1375 392 1410 Pezzati
407 1402 417 1416 ‚
444 1389 547 1424 quem
562 1387 684 1414 contra
701 1377 897 1425 protestatio
917 1377 1032 1412 erniffa
1060 1376 1126 1412 fuit
1142 1388 1161 1411 a
1177 1373 1347 1420 Capitulo
1363 1373 1394 1409 se
1410 1384 1477 1424 non
1493 1371 1586 1408 obsi-

115 1422 228 1462 stere,
257 1431 296 1457 ut
322 1423 542 1468 praesentatus
561 1427 595 1460 in
612 1426 839 1471 possellionein
852 1424 1085 1460 Canonicatus
1104 1421 1361 1460 Poenitentiarii
1377 1421 1587 1456 immittere-

117 1478 177 1505 tur
195 1495 204 1508 ‚
235 1470 421 1506 dummodo
444 1482 549 1509 certae
563 1474 793 1510 adiicerentiir
808 1472 1024 1509 conditiones
1038 1499 1048 1512 ,
1073 1483 1157 1518 quas
1171 1481 1253 1505 cum
1262 1468 1446 1515 Episcopus
1464 1467 1590 1502 insub-

65 1547 67 1549 .
115 1516 267 1553 sistentes
291 1545 301 1557 ,
325 1527 429 1564 atque
454 1519 596 1556 inutiles
621 1521 803 1568 reputasset
840 1547 850 1561 ,
887 1520 967 1567 quia
1007 1520 1240 1555 deciaratione
1275 1516 1332 1551 sua
1356 1517 1423 1560 iam
1450 1514 1591 1561 prospe-

115 1573 214 1602 xerat
237 1564 456 1601 indemnitati
480 1567 663 1614 Capituli,
692 1569 875 1605 Pezzatum
900 1567 1046 1603 instituis
1066 1579 1145 1602 cum
1168 1564 1480 1606 omnibusJuribus
1501 1562 1593 1614 ‚lio-

114 1614 256 1648 notibus
274 1639 284 1653 ‚
305 1612 340 1647 &
352 1615 515 1650 oneribus
530 1641 540 1654 ,
566 1616 698 1651 servata
710 1616 819 1652 forma
832 1615 1010 1650 erectionis
1023 1640 1034 1654 ,
1056 1614 1258 1659 servatoque
1275 1612 1353 1654 Jure
1374 1609 1534 1656 Capituli
1552 1610 1591 1644 in

116 1658 162 1695 iis
177 1685 187 1698 ‚
211 1669 285 1705 quae
296 1660 498 1706 opposuerat
511 1688 521 1702 ,
546 1663 587 1696 ad
603 1663 699 1699 aliud
713 1665 881 1706 judicium
898 1687 909 1698 .
939 1662 1024 1697 Non
1041 1661 1169 1708 placuit
1183 1660 1351 1705 Capitulo
1367 1659 1431 1694 hoc
1450 1655 1593 1702 Episco—

120 1705 156 1753 pi
175 1705 352 1750 decretum
367 1734 376 1748 ,
401 1709 434 1744 δι
463 1720 542 1745 cum
564 1719 722 1758 ageretur
744 1714 783 1747 de
797 1711 906 1747 Causa
931 1711 966 1746 in
991 1714 1054 1745 hoc
1072 1710 1170 1745 Sacro
1187 1706 1377 1744 Tribunali
1405 1704 1591 1750 disputan-

120 1753 165 1788 da
182 1780 192 1792 ‚
219 1754 417 1799 Capitulari
431 1758 566 1793 decreto
578 1758 687 1794 visum
701 1758 747 1794 est
762 1758 1013 1795 immittendum
1028 1755 1091 1796 esse
1106 1757 1291 1792 Pezzatum
1308 1755 1344 1790 in
1359 1750 1594 1800 possessionem

121 1800 360 1853 Canonicatus
372 1803 657 1846 poenitentiarii,
684 1806 843 1851 suspensis
874 1815 989 1841 tamen
1013 1803 1252 1852 praerogativis
1277 1804 1384 1849 quoad
1407 1809 1506 1849 veros
1518 1798 1593 1833 Ca-

123 1859 269 1887 nonlcos
283 1857 416 1886 tantum
430 1877 440 1890 ‚
463 1851 576 1887 donec
598 1855 639 1887 ab
652 1852 716 1889 hoc
732 1855 840 1890 Sacro
858 1852 1044 1889 Tribunali
1060 1851 1264 1888 definiretur
1295 1877 1315 1890 ,,
1343 1850 1403 1884 An
1426 1857 1594 1882 virtute-a

121 1921 146 1938 ω
171 1894 383 1932 fundationis
397 1923 406 1936 ,
432 1898 464 1933 δι
480 1899 660 1935 ere-{lionis
674 1900 942 1935 Poenitentiariae
958 1898 1155 1933 Canonicus
1172 1894 1453 1931 Poenitentiarius
1469 1892 1596 1943 habeat

122 1968 149 1986 „
170 1940 306 1977 stallum
330 1943 366 1978 in
397 1944 518 1980 Choro
537 1958 614 1980 cum
627 1945 856 1983 armauit-ate,
877 1955 1002 1978 vocem
1032 1945 1068 1978 in
1081 1943 1245 1985 Capitulo
1270 1951 1335 1986 pro
1357 1942 1455 1974 rebus
1482 1939 1597 1984 Spiri-

120 2015 148 2032 „
174 1989 331 2026 tualibus
355 1992 472 2039 quoad
498 1991 619 2026 statum
642 1990 794 2026 Ecclefiae
811 2016 820 2029 ,
846 1989 1068 2025 electionibus
1088 2015 1098 2028 ,
1124 1991 1155 2024 ἁ
1182 1989 1278 2022 rebus
1293 1987 1456 2022 similibus
1472 2011 1497 2026 ,‚
1520 1986 1597 2020 At-

122 2047 193 2086 que
220 2036 269 2072 ita
296 2039 451 2072 mandato
465 2037 624 2083 Capituli
637 2039 756 2072 nastus
768 2036 815 2071 est
832 2037 994 2073 Pezzatus
1020 2034 1502 2083 poffeffionemCanonicatus
1528 2033 1587 2069 die

124 2095 181 2132 31.
199 2083 341 2130 Augusti
359 2085 439 2122 anni
455 2091 551 2128 1746.
570 2111 581 2125 ‚
602 2082 634 2120 δι
660 2085 735 2120 inde
755 2084 974 2128 Ampliffimo
999 2083 1079 2119 huic
1094 2082 1218 2118 Ordini
1245 2093 1359 2128 preces
1386 2081 1539 2120 obtulit,
1561 2088 1599 2117 ut

126 2131 240 2168 omnis
262 2131 468 2168 definiretur
481 2130 734 2170 controversia,
762 2130 950 2179 auditoque
981 2133 1044 2175 iam
1067 2130 1234 2177 Episcopo
1252 2156 1261 2170 ‚
1287 2131 1345 2175 qui
1378 2128 1599 2165 secundum-2

131 2179 314 2216 Pezzatum
337 2177 508 2229 respondit
526 2203 538 2218 ‚
560 2178 673 2215 Causa
689 2189 777 2214 nunc
792 2179 1000 2228 proponitur
1012 2178 1147 2214 duobus
1160 2177 1314 2216 distincta
1327 2176 1514 2223 Capitibus
1525 2202 1535 2211 .

84 2223 115 2263 1·
140 2235 225 2267 -An,
251 2229 473 2275 &quomodo
499 2228 627 2263 eremo
656 2229 879 2263 eanonicam
909 2226 1169 2272 Poenitentiarij
1192 2227 1289 2270 fath
1310 2237 1376 2274 per
1403 2228 1599 2273 Episcopum

272 2275 308 2310 in
332 2273 475 2317 Ecclesia
492 2274 691 2310 Cathedrali
717 2277 927 2323 [ppei-egien.
951 2275 1184 2323 [abstineatur
1206 2277 1242 2310 in
1266 2274 1344 2321 casu
1363 2279 1437 2312 &a
1459 2271 1503 2306 Et
1520 2281 1599 2317 qua·

273 2328 374 2358 tenus
404 2320 630 2358 Affirmative
646 2345 656 2355 .

87 2365 138 2407 Π.
161 2372 246 2410 An,
271 2373 315 2406 (φ’
344 2383 417 2418 quae
439 2371 686 2418 praerogativae
709 2379 903 2414 competant
918 2373 1078 2409 canonico
1097 2371 1364 2408 Poenitentiario
1378 2368 1473 2403 dic'tae
1487 2366 1602 2403 Eccle-

271 2414 340 2509 sia}
350 2418 564 2455 eathedralis
595 2442 607 2461 ‚
643 2420 688 2455 (9¹¹
729 2418 854 2465 quibus
879 2419 1068 2470 rcspestive
1108 2417 1270 2460 oneribus
1306 2416 1519 2467 subiiciatur
1542 2416 1603 2460 inq

278 2473 315 2498 ca
333 2477 354 2499 u
376 2469 455 2505 &c-

266 2567 457 2626 Dilata
481 2574 552 2629 ad
569 2573 874 2645 sequentem
892 2612 907 2630 .

1441 2725 1567 2770 un.
