1945 3028
100 127 242 171 fiaelt.57.
260 135 400 174 {num-5.
421 133 463 167 &
478 135 510 166 6.
527 130 657 172 ‘tom-3.
682 139 931 183 Monacell.f0r
942 143 1025 177 mul.
1037 151 1156 178 tom-r.
1169 148 1256 182 titii.
1271 159 1362 188 n.32.
1390 154 1433 187 ,εν
1449 116 1572 188 ῐονηῗὲ.

108 177 184 210 tim
216 200 224 208 .
243 175 381 216 ffirmq.
393 190 463 217 n.4.

63 185 337 266 Ceramsiruidem
359 224 558 268 percipere,
584 226 636 261 sed
647 226 778 264 ratione
789 232 994 274 praesendae,
1021 235 1051 269 &
1069 235 1192 273 laboris
1207 267 1216 279 ,
1241 254 1341 287 quem
1370 243 1480 280 serunt
1505 247 1572 282 iii-,0

108 269 369 311 anniversariis,
395 273 427 306 8<
447 271 641 312 funeribus,
663 277 785 317 quibus
800 280 977 321 volentes,
1002 283 1219 330 iubentesque
1232 289 1394 325 intersunt
1409 318 1418 329 ,
1446 294 1495 328 nil
1510 305 1572 329 ac-

108 317 245 361 cepturi
264 345 274 357 ‚
301 317 322 352 si
337 330 404 353 non
418 319 572 354 interfint
585 345 595 358 ,
626 321 682 355 vel
701 334 768 357 non
782 337 968 363 vocentur:
994 328 1120 365 cessasse
1142 333 1389 380 obligationem
1406 338 1570 375 serviendi

107 361 263 400 Ecclesia:
278 391 290 405 ‚
313 377 389 400 cuin
406 367 606 402 Sacerdotio
620 368 783 405 honestati
798 372 958 413 fuerun13
984 375 1236 415 Adscribuntiir
1249 383 1340 418 enim
1353 385 1519 426 Ecclefiae,
1530 397 1571 430 ut

109 409 141 444 ei
157 410 305 447 serviant
319 413 354 448 in
370 411 507 459 singulis
521 413 708 450 Ordinibus
723 443 732 456 ,
757 418 866 456 donec
880 425 918 456 ad
934 424 1169 461 Sacerdotium
1185 431 1406 472 perveniant,
1419 434 1507 480 quod
1522 434 1571 469 as*

108 457 238 500 sequuti
256 460 430 495 servitium
445 460 596 506 praestare
613 474 680 496 non
697 473 857 503 tenentur
874 482 883 507 3
907 481 1018 514 neque
1037 483 1076 506 ex
1095 475 1290 511 necestitate
1304 505 1312 517 ,
1337 490 1393 514 aut
1417 481 1567 516 utilitate

106 503 263 541 Ecciefiae
277 508 351 552 cogi
364 506 459 554 posse
479 507 647 554 simplices
663 510 885 557 presbyteros
899 542 909 556 ‚
937 527 973 552 ut
988 518 1051 552 sine
1072 521 1144 554 ullo
1168 521 1335 569 stipendio
1353 526 1465 561 cidem
1481 540 1565 573 prce-

104 550 191 586 stent
205 552 394 595 servitium,
404 557 491 602 quod
504 555 686 592 definitum
700 558 796 595 fuisse
811 562 855 597 ab
867 564 929 599 hoc
941 567 1040 600 Sacro
1055 566 1240 605 Tribunali
1254 572 1358 607 tradit
1373 578 1564 620 Pignatell.

106 600 344 643 d.confi1lt.56.
359 614 450 648 77·¹4·
467 608 589 650 &sequ
605 613 723 645 tom-3.
737 607 940 646 Servandam
952 614 1084 648 demum
1100 614 1163 649 effe
1177 619 1456 656 consuetudinem
1466 624 1564 658 Sacra

103 646 247 691 agendi,
273 659 316 683 eo
331 649 436 684 etiam
450 659 605 697 tempore
623 678 632 690 ‚
659 664 727 700 quo
745 656 830 691 Ven.
849 659 1100 695 Sacramentum
1118 662 1330 702 Eucharistice
1346 668 1488 711 publicae
1501 683 1564 717 pa-

101 700 149 726 tet
161 693 350 731 adorationi
367 723 377 736 ,
401 696 458 731 vel
484 709 562 735 cum
590 697 804 737 pontificalia
835 716 1005 751 aguntum
1028 709 1113 744 Haec
1131 711 1219 747 enim
1235 714 1440 750 consuetudo
1455 743 1464 758 ,
1489 729 1561 762 quae

99 750 170 774 non
185 740 289 776 solum
304 743 337 777 in
352 743 511 780 universa
523 744 707 782 Germania
724 775 733 788 ‚
758 752 788 784 ἃ
805 752 991 789 Pannoniis
1003 782 1012 795 ,
1042 757 1165 802 quibus
1181 759 1288 795 subest
1303 761 1475 808 Segnensis
1491 764 1562 800 Ci-

99 785 210 827 vitas,
234 789 290 824 sed
309 791 412 827 etiam
438 794 473 828 in
490 792 559 839 ipsa
579 793 727 830 Ecclesia
741 798 893 846 Segncnfi
909 827 919 840 ,
948 813 1048 848 atque
1073 803 1108 838 in
1122 805 1215 840 Urbe
1231 808 1297 852 ipsa
1316 835 1325 848 ‚
1349 811 1380 844 &
1395 810 1465 846 sere
1483 821 1560 848 toto

99 833 195 870 Orbe
211 837 379 873 catholico
393 840 547 876 servatur
559 867 570 880 ,
601 842 658 877 vel
669 844 814 889 provide
829 847 1009 895 derogavit
1032 851 1231 899 cuicumque
1248 856 1312 898 juri
1330 856 1455 904 scripto
1467 885 1477 898 ,
1500 861 1560 895 vel

99 880 260 918 servanda
274 884 342 926 est,
371 887 542 932 quianihil
558 889 659 925 habet
672 891 752 926 mali
767 920 775 928 .
803 894 1026 932 Conveniunt
1049 910 1132 934 vero
1146 900 1361 947 Presbyteri,
1387 916 1464 940 cuin
1479 907 1560 941 De-

101 937 198 965 creto
209 930 386 978 Episcopi,
416 943 452 970 ut
462 946 525 979 :era
540 936 670 971 tinnula
685 939 748 975 hoc
761 949 915 988 ternpore
932 946 1055 990 pulsari
1067 957 1135 982 non
1147 947 1297 983 debeant
1312 974 1324 985 .
1348 951 1434 987 Haec
1458 954 1558 989 Pres-

98 973 234 1022 byteri;
258 979 291 1013 A
309 980 505 1018 Promotore
523 982 648 1019 Fiscali
660 986 747 1021 nihil
763 989 960 1028 hcbuimus.
989 992 1233 1031 Controverfiae
1248 996 1376 1044 Capita
1390 999 1465 1036 sunt
1480 1030 1488 1039 .

51 1019 82 1056 Ι.
105 1030 163 1060 An
173 1031 354 1063 Decretum
368 1031 521 1077 Episcopi
529 1032 659 1074 fidium
674 1037 707 1069 in
719 1035 920 1077 Vzfitatione
934 1063 944 1077 ‚
964 1042 1244 1086 quoprohibetur
1256 1070 1266 1084 ‚
1292 1059 1331 1082 ne
1360 1048 1483 1084 Clerici
1504 1051 1556 1084 di-

226 1075 368 1116 scedant
381 1088 401 1109 a
412 1077 602 1120 Dioecesifin
612 1091 627 1112 e
640 1079 786 1116 licentia
806 1085 949 1131 ejusdem
966 1089 1120 1134 Episcopi
1131 1091 1166 1124 in
1175 1090 1322 1138 scriptis
1336 1094 1555 1139 habendasub

226 1131 328 1168 piena
346 1123 564 1170 suspensionis
587 1125 817 1168 substituatur
833 1132 848 1166 ,ἲ
871 1132 902 1166 ὄι
928 1143 1093 1178 quatenus
1116 1135 1321 1173 affirmative
1339 1142 1350 1173 ζ
1374 1148 1433 1177 An
1445 1144 1554 1179 liceat

235 1169 268 1202 d.
281 1170 609 1216 Epistopofinejusia
629 1177 726 1218 causa
740 1177 909 1223 disceffnm
922 1183 1087 1227 denegare
1102 1186 1136 1219 in
1149 1186 1224 1227 casu
1242 1189 1316 1221 &c-

44 1206 89 1243 ΙΙ.
116 1215 175 1247 Aa
193 1213 291 1248 aliud
303 1222 485 1252 Decretum
499 1221 533 1253 in
546 1218 745 1259 Vtsstatione
758 1227 885 1259 editum
899 1252 910 1264 ,
935 1232 1212 1277 quopraecipitur
1223 1258 1233 1271 ,
1254 1240 1293 1267 ut
1305 1234 1427 1271 onmes*
1445 1240 1553 1282 Pres-

231 1260 344 1306 byteri
359 1288 369 1302 ,
381 1272 510 1310 praeter
524 1266 680 1312 legitime
698 1273 880 1318 impeditos
897 1273 912 1313 ,⁷
927 1276 1079 1320 interesst²
1092 1286 1277 1315 teneantur
1293 1281 1394 1326 Miffie
1410 1286 1551 1326 Sacrifi-

227 1310 279 1344 cio
293 1335 305 1348 ,
319 1319 386 1357 per
399 1323 500 1347 unum
519 1316 715 1351 canonicum
742 1330 816 1353 cum
846 1321 1057 1367 Expositione
1077 1329 1136 1358 SS.
1160 1330 1375 1362 sacramenti
1394 1332 1551 1376 quolibet

227 1355 402 1446 diyffovis
425 1357 597 1396 celebrari
608 1361 715 1405 solito
731 1389 741 1402 ,
759 1365 924 1408 similiter
933 1368 997 1412 sub
1013 1372 1231 1419 eadempoena
1245 1374 1479 1418 sltbsiineatur
1491 1381 1549 1416 im

229 1415 266 1435 ca
285 1416 304 1436 u
320 1408 402 1442 &a

39 1438 107 1479 ΠΙ.
133 1451 193 1483 „An
205 1449 303 1484 aliud
315 1457 500 1492 Decretum
514 1453 655 1501 ejusdem
671 1459 888 1502 Vifitatiom's
901 1488 911 1502 ,
923 1475 988 1509 quo
1002 1467 1225 1504 interdicitur
1242 1470 1425 1507 celebratio
1441 1473 1551 1519 Miffa·

227 1509 302 1533 rum
313 1499 479 1536 lectarum
495 1529 505 1543 ‚
530 1506 607 1540 dum
633 1509 814 1555 Episcopus
843 1511 974 1555 Mzffam
1002 1515 1261 1556 Pontificaliter
1283 1517 1438 1556 celebrat
1453 1547 1462 1561 ‚
1488 1522 1549 1557 vel

225 1548 576 1590 sacrumsblemniter
589 1553 643 1587 d-ie
660 1555 770 1597 ‘Jovis
784 1569 857 1592 cum
872 1559 1085 1605 Expofitione
1101 1568 1156 1598 55.
1173 1570 1385 1604 Sacramenti
1396 1567 1548 1615 perfici-

226 1600 306 1632 tur,
333 1598 376 1629 (φ’
390 1597 521 1639 etiamsi
531 1611 576 1634 ex
584 1604 695 1645 gravi
712 1605 811 1646 caufiz
824 1605 1038 1642 celebrentur
1048 1635 1059 1649 ,
1083 1623 1146 1646 non
1153 1614 1336 1659 pulsentur
1357 1627 1546 1663 campanu-

223 1639 263 1674 lae
275 1665 287 1679 ,
309 1643 626 1692 pariformitersub
637 1649 1009 1696 eis-poenafitbstineatur
1023 1659 1057 1692 in
1071 1658 1147 1701 casu
1163 1663 1241 1697 (φο.-

174 1734 358 1789 Dilata
379 1740 446 1791 acl
465 1742 698 1810 primam
710 1746 837 1813 post
855 1750 1036 1818 Aquas
1054 1792 1066 1804 .

34 1869 104 1955 Β
121 1872 273 1913 AREN.
304 1881 721 1924 DISTRIBUTIONIS
746 1891 1001 1928 MISSARUM
1020 1920 1026 1927 .
1057 1892 1236 1931 Sacrorum
1257 1904 1361 1934 onera
1377 1925 1388 1940 ,
1412 1909 1484 1944 quae
1507 1898 1544 1934 in

131 1920 278 1961 Ecclesia
291 1927 493 1978 Collegiata
510 1934 638 1979 Oppidi
653 1935 759 1976 Joviae
774 1939 909 1984 impleri
923 1940 1044 1974 debent
1061 1966 1069 1981 ,
1083 1941 1227 1982 ejusdem
1240 1943 1450 1992 Coilegiatae
1467 1946 1543 1982 Di-

76 1968 223 2013 gnitates
235 1997 245 2011 ,
257 1973 424 2013 Canonici'
441 2007 452 2019 ‚
478 1981 509 2015 &
522 1981 650 2026 reliqui·
664 1983 856 2020 Sacerdotes
866 1985 1107 2032 participantes
1120 1989 1223 2034 aequis
1236 1993 1390 2036 partibus
1405 1993 1496 2029 inter
1512 1994 1542 2030 se

75 2015 256 2053 dividunt.
282 2022 335 2057 At
350 2050 360 2064 ,
385 2034 458 2070 quae
473 2026 510 2060 in
523 2028 647 2063 eadem
664 2030 810 2068 Ecclesia
825 2032 960 2078 impleri
983 2045 1051 2068 non
1065 2035 1215 2077 debent,
1242 2047 1279 2072 ut
1303 2039 1379 2074 sunt
1404 2040 1541 2078 Sacra-2

76 2070 182 2105 annua
197 2077 333 2105 centum
347 2073 598 2120 quinquaginta
612 2103 623 2119 ‚
651 2088 724 2122 quae
742 2079 877 2126 impleri
898 2080 1026 2116 debent
1048 2082 1084 2117 in
1098 2083 1269 2131 Cappella
1293 2089 1348 2124 del
1362 2100 1445 2124 vero
1461 2091 1540 2125 zelo

78 2114 234 2148 tercentis
250 2115 322 2151 fere
336 2119 474 2164 paffibus
491 2123 533 2156 ab
544 2121 683 2170 Oppido
703 2126 814 2162 dissita
826 2154 836 2167 ,
861 2140 902 2163 ea
914 2129 1073 2165 haetenus
1088 2131 1219 2167 tributa
1232 2133 1307 2169 sunt
1322 2135 1539 2182 Presbyteris

77 2151 363 2206 Pas-‘ticipantibus
373 2193 383 2206 ‚
415 2167 474 2214 qui
488 2169 530 2204 ab
542 2168 623 2205 hinc
635 2170 835 2210 sexennium
847 2175 910 2211 hoc
921 2187 1008 2211 onus
1022 2176 1136 2213 ferunt
1147 2203 1158 2214 .
1181 2179 1378 2227 Displicuit
1394 2183 1538 2220 tandem

74 2200 145 2238 haec
157 2205 360 2256 inaequalitas
370 2214 664 2263 participantibus
679 2245 690 2259 ,
716 2221 748 2256 δι
764 2233 800 2257 re
812 2222 855 2259 ad
874 2224 1186 2272 Archiepiscopum
1204 2227 1318 2264 delata
1331 2255 1341 2269 ,
1363 2231 1514 2267 decrevit
1525 2259 1536 2272 ‚

73 2257 113 2284 ut
134 2252 280 2302 „flabris
304 2261 480 2298 ambarum
494 2265 643 2312 partium
658 2268 789 2310 juribus
803 2296 814 2310 ‚
840 2283 901 2318 pro
914 2272 977 2307 hoc
990 2284 1080 2309 anno
1098 2273 1209 2311 Miffae
1223 2276 1535 2331 distribuerentur,

72 2320 98 2336 ³,
124 2307 211 2354 eim„
271 2309 375 2345 uobus
398 2308 587 2349 Canonicis
614 2314 869 2359 junioribus„;
893 2332 935 2354 ne
959 2319 1022 2355 hoc
1047 2320 1185 2366 quidem
1214 2325 1387 2361 decretum
1405 2326 1537 2378 placuit

67 2341 197 2396 Partici
242 2397 249 2401 ἱ
284 2353 380 2397 ‘bus‚
430 2359 465 2394 ui
478 2360 519 2394 ad
533 2361 600 2396 hoc
616 2363 761 2400 Sacrum
774 2365 950 2402 Tribunal
969 2378 1139 2404 venerunt
1155 2398 1163 2406 .
1197 2372 1353 2408 Auditus
1381 2374 1535 2408 Archie-

68 2390 273 2449 piscopusin
285 2401 399 2440 eadem
426 2406 478 2443 uit
491 2407 682 2445 sententia:
708 2411 819 2448 Causa
834 2425 926 2450 nunc
940 2417 1139 2461 proponitur
1152 2443 1163 2457 ,
1189 2419 1220 2454 &
1241 2419 1442 2466 Dignitates
1457 2448 1466 2461 ‚
1492 2432 1533 2456 ac

68 2436 237 2478 canonici
256 2445 499 2491 incommodum
512 2455 604 2492 illud
617 2458 804 2495 accedendi
819 2460 862 2496 ad
874 2461 1081 2508 cappellam
1105 2475 1203 2501 extra
1217 2467 1394 2511 Oppidum
1414 2467 1532 2504 subi-re

67 2488 224 2526 r‘e'cusant
239 2518 250 2532 ‚
279 2495 360 2540 quia
372 2509 486 2537 eorum
500 2514 660 2540 numerus
674 2507 774 2555 longe
788 2508 900 2544 minor
922 2509 962 2545 fit
986 2511 1048 2546 illo
1061 2510 1370 2559 participantium
1394 2526 1532 2552 onera..

68 2536 259 2586 ‘'‚emlonge
270 2540 332 2577 ΠΜ
345 2545 470 2586 majora
483 2575 494 2589 ,
517 2552 550 2586 &
566 2553 728 2598 graviora
743 2582 754 2594 ,
775 2568 854 2592 cum
871 2557 975 2592 totius
990 2559 1142 2596 Ecclesiae
1157 2587 1166 2600 ‚
1194 2563 1225 2596 δι
1240 2560 1395 2606 Capituli
1420 2575 1531 2610 nego-

6 2622 7 2625 ,
63 2592 144 2623 (12,
169 2595 208 2621 ac
222 2586 316 2638 simul
329 2603 406 2626 curn
422 2596 722 2647 Archipresbytero
741 2615 855 2639 curam
870 2614 994 2650 gerant
1019 2606 1226 2643 animarum:
1253 2609 1346 2645 senes
1370 2609 1440 2645 fere
1455 2623 1530 2646 oin-

63 2639 122 2664 nes
135 2656 145 2669 ‚
174 2632 206 2666 ὅτ
221 2633 358 2672 infirmae
372 2642 580 2679 valetudinis
596 2646 659 2682 sint
675 2674 685 2687 ‚
713 2662 833 2686 omnes
846 2651 980 2688 duobus
1006 2663 1140 2690 tantuin
1157 2655 1349 2697 junioribus
1370 2657 1530 2694 Canoni-

61 2676 110 2711 cis
135 2682 308 2725 exceptis,
330 2685 594 2727 Sacramentales
625 2693 858 2734 Conseffiones
875 2701 1076 2748 excipiant,
1100 2703 1215 2739 nullus
1240 2704 1385 2752 denique
1409 2717 1528 2740 eorum

54 2721 123 2807 fltT,
142 2727 420 2811 qujxgahtliculare
434 2736 577 2784 aliquod
596 2751 678 2778 onus
689 2742 725 2779 in
741 2745 887 2783 Ecclesia
900 2760 973 2831 pion
986 2748 1101 2787 subeat
1117 2775 1128 2786 .
1151 2749 1280 2789 Contra
1290 2764 1370 2791 vero
1379 2753 1528 2804 Presby7

121 2785 181 2809 om.
298 2806 307 2816 .
1458 2809 1525 2835 teri
