1977 3028
107 145 145 177 &e
157 140 312 188 potentia
327 140 497 177 [udovici
510 139 725 188 ,ramatardo
744 145 977 181 testimonium
1000 146 1114 182 serunt
1125 173 1133 183 .
1163 147 1274 185 Causa
1289 161 1379 186 nunc
1393 152 1443 187 his
1459 114 1585 199 progr?-

110 188 261 224 tionibus
273 188 480 234 proponitur
493 216 503 228 ,
529 191 559 225 &
577 191 728 237 disputat
744 192 942 229 Nicoiosius
952 194 990 229 de
1008 195 1173 231 nullitate
1191 196 1334 243 suscepti
1351 200 1490 235 Ordinis
1507 228 1516 241 ‚
1541 213 1583 236 ex

107 247 173 282 qua
185 233 428 281 dispensandus
442 236 512 272 sita
528 237 625 273 Voto
647 240 872 276 continentiae
888 243 937 275 ob
962 243 1032 276 vim
1046 269 1056 281 ,
1086 243 1117 277 ὅτ
1142 254 1273 279 metum
1298 245 1435 281 illatum
1450 272 1460 282 .
1486 249 1584 283 Con„-

109 292 160 324 tra
176 293 257 317 vero
277 284 438 327 Defensbr
466 287 605 321 Ordinis
625 295 727 332 negat
745 288 878 332 probari
896 288 964 322 vim
983 289 1077 323 illam
1095 316 1105 327 ,
1125 291 1156 326 δι
1174 301 1303 326 metum
1319 319 1328 332 ‚
1356 296 1413 338 qui
1428 295 1586 331 constan„

108 339 181 365 tem
198 330 310 365 virum
327 342 513 367 concutere
525 333 670 376 potuerit
687 360 697 373 ,
722 346 800 369 cum
819 333 939 369 Testes
953 336 1051 371 nimis
1068 339 1295 383 generaliter,
1316 341 1348 374 ὅ(
1366 353 1450 388 vage
1464 344 1502 377 de
1524 343 1585 382 vi,

110 378 142 414 δι
159 386 253 412 metu
268 376 500 414 testimonium
515 378 624 414 ferant
640 406 648 420 ,
675 391 785 426 neque
815 382 957 426 speciem
974 383 1078 418 ullam
1104 384 1191 419 illati
1218 396 1326 420 metus
1354 390 1552 434 exprimant
1572 402 1583 428 ς

111 435 220 472 eoque
233 425 380 471 amptius
396 426 605 471 probandum
630 425 694 460 esse
712 437 841 462 metum
858 455 867 468 ,
892 441 960 475 quo
975 430 1027 464 vir
1039 431 1180 476 quisque
1194 433 1478 471 constantissimus
1493 437 1581 472 affici

111 471 298 519 potuisset,
324 474 413 519 quod
428 484 478 508 res
493 485 560 508 non
573 473 651 508 esset
667 476 708 508 de
725 477 837 520 puella
851 502 860 515 ‚
890 485 947 510 aut
965 487 1083 514 tenero
1097 478 1310 514 adolescente
1326 506 1336 519 ,
1361 481 1414 515 sed
1431 484 1469 517 dc
1487 485 1581 525 juve-

111 531 156 555 ne
171 518 332 554 vicennio
351 520 499 563 maiori,
530 531 597 555 non
612 524 650 556 de
665 523 765 557 Patro
785 549 793 565 ,
821 524 874 558 sed
893 523 931 557 de
947 524 1061 560 Matre
1077 552 1087 566 ,
1111 526 1142 561 &
1155 526 1196 560 de
1218 528 1476 575 consanguineo
1491 557 1499 570 ,
1525 534 1580 566 cui

110 566 206 602 nulla
228 565 417 602 debebatur
430 572 626 603 reverentia
641 595 651 608 ,
678 572 708 603 &
723 571 779 617 qui
798 570 876 607 licet
894 571 946 604 vir
959 570 1063 607 fucrit
1090 585 1219 620 magnae
1244 574 1278 610 in
1296 574 1406 610 Patria
1431 576 1487 612 sua
1514 589 1581 621 po·

111 613 250 653 tentiae,
275 624 343 648 non
362 622 478 651 tamen
493 616 654 661 probetur
673 618 745 652 vim
762 618 867 654 ullam
884 618 1063 654 Nicolofio
1084 621 1256 656 intulisse:
1279 621 1462 659 Graviores
1484 623 1580 663 suiffe

108 658 379 696 circumstantias
394 665 428 698 in
455 664 630 707 Bisuntina
649 665 920 711 Diffiteiisatiovis
939 693 947 705 ‚
975 678 1048 713 quae
1061 671 1115 704 die
1133 677 1184 715 17.
1206 668 1363 704 transacti
1377 671 1495 706 mensis
1510 675 1578 716 ⁹Ju==
1634 696 1637 698 -

108 708 162 745 nii
183 707 378 753 responsum
391 711 525 760 accepit
541 714 729 760 negative.
756 714 835 748 i-iaec
854 711 1022 749 Defensor
1040 714 1182 751 Ordinis
1204 730 1212 752 ε
1235 717 1389 763 Dubium
1412 717 1481 763 est,

63 754 176 799 unfit
191 756 287 792 locus
302 757 543 805 dispensationi
558 761 640 805 Voti
660 763 873 798 cominentiae
889 763 920 796 in
935 763 1010 807 casu
1025 766 1103 800 &co

159 850 338 899 Negative
351 877 362 888 .

56 941 144 1032 R
162 944 352 1000 OMANA
375 950 717 990 SUBSIDIORUM
743 956 1049 998 DOTAthJM,
1075 958 1228 1002 Speciem
1251 959 1370 995 Causa:
1395 960 1490 1002 hujus
1517 972 1571 996 re·-
1630 980 1704 1022 Sss
1731 987 1773 1013 22
1802 992 1818 1014 c
1848 985 1882 1014 6ss

171 992 259 1034 ferre
273 997 396 1048 inutile
409 1000 455 1048 est
471 1027 480 1040 ‚
506 1013 547 1036 ne
563 1004 670 1038 aetum
689 1015 790 1051 agere
805 1006 980 1043 videamur
996 1034 1006 1046 ,
1030 1005 1206 1052 postquam
1220 1012 1254 1042 in
1270 1008 1364 1042 Folio
1390 1014 1571 1054 congrega·
1604 1028 1643 1063 de
1655 994 1726 1073 {w}
1778 1002 1788 1015 ’
1822 1006 1830 1016 ’
1874 1008 1881 1016 ’

104 1044 215 1078 tionis
230 1042 355 1080 habitae
380 1048 434 1083 dae
459 1057 516 1087 22.
542 1052 752 1097 Septembris
777 1068 861 1089 anno
883 1060 1006 1099 ¹73<5u
1031 1056 1120 1099 quod
1137 1054 1270 1089 editum
1297 1053 1364 1088 fuit
1390 1057 1468 1091 Vol·
1494 1060 1571 1091 VII·
1720 1053 1728 1063 “

105 1089 198 1142 Thjesl
213 1091 319 1137 Rfsol.
337 1099 433 1130 Sacr.
450 1102 607 1144 congreg.
625 1098 787 1136 latissime
808 1101 887 1135 data
909 1099 977 1135 suit
990 1125 1000 1135 .
1026 1100 1188 1136 Poterunt
1203 1100 1317 1145 itaque
1332 1100 1570 1137 Eminentissi·

101 1147 149 1175 mi
169 1137 285 1188 Patres
308 1151 379 1176 rem
392 1153 529 1177 omnem
547 1156 642 1180 exeo
667 1156 843 1191 repetere,
869 1160 911 1184 ex
925 1159 991 1193 quo
1005 1147 1110 1183 scient
1135 1149 1334 1184 transactum
1361 1147 1454 1184 fuisse
1479 1149 1569 1185 inter

54 1190 63 1199 ·
101 1183 383 1236 Arenihospitale
398 1188 584 1237 S.Spiritus
598 1192 632 1227 in
650 1193 747 1229 Saxia
761 1194 864 1231 Urbis
877 1222 888 1236 ,
918 1196 950 1231 &
976 1195 1167 1232 Florentios
1187 1196 1333 1232 haeredes
1358 1196 1467 1230 Marci
1489 1198 1570 1231 An-

102 1234 196 1266 tonii
210 1230 379 1283 Florentii
401 1261 412 1275 ‚
433 1239 491 1283 qui
508 1249 595 1276 anno
615 1250 715 1287 1597.
731 1242 928 1288 quindecim
945 1241 1035 1278 Loca
1060 1243 1234 1279 Montium
1248 1242 1439 1278 donaverat
1453 1244 1568 1279 eidem

102 1277 381 1331 Archjhospitali
392 1295 469 1320 cum
483 1297 587 1321 onere
599 1292 821 1335 quorumdam
835 1291 1016 1330 Sacrorum
1031 1291 1236 1337 agendorum
1254 1291 1286 1324 in
1304 1291 1446 1326 Eccieiia
1463 1292 1492 1326 S.
1506 1291 1570 1326 Sil-

100 1325 208 1363 vestss
228 1326 293 1363 PP-
307 1328 565 1368 Theatinorum
580 1361 589 1374 ‚
614 1337 646 1371 &
662 1337 840 1383 praestandi
857 1338 1009 1384 quaedam
1023 1337 1161 1372 subsidia
1175 1338 1302 1373 dotalia
1321 1366 1327 1373 .
1349 1339 1425 1373 Hac
1439 1339 1570 1374 transa-

100 1374 212 1426 ctione
239 1374 322 1411 fasta
338 1376 405 1414 fuit
428 1380 705 1429 Archihospitali
733 1386 878 1432 potestas
906 1385 1073 1420 vendendi
1091 1385 1184 1420 Loca
1209 1385 1271 1420 illa
1298 1386 1473 1420 Montium
1493 1412 1504 1425 ,
1537 1387 1568 1421 δι

101 1431 252 1476 pretium
280 1427 440 1472 erogandi
457 1428 491 1463 in
516 1431 729 1477 emptionem
743 1434 791 1468 rei
824 1431 1035 1471 immobilis,
1058 1443 1099 1466 ex
1129 1432 1226 1474 cujus
1251 1432 1410 1467 foffibUS
1433 1433 1570 1479 impleri

100 1470 236 1515 poffent
257 1482 364 1508 onera
377 1474 453 1509 data
469 1487 488 1510 a
508 1475 702 1514 Fundatore
721 1504 730 1513 .
759 1481 912 1516 Pretium
932 1478 1020 1514 illud
1033 1503 1044 1517 ‚
1070 1481 1158 1525 quod
1172 1491 1239 1514 una
1263 1491 1341 1514 cum
1366 1489 1571 1526 augumento

101 1526 275 1569 convento
294 1518 473 1566 scut.9oo.
488 1525 647 1568 pervenit
664 1526 704 1560 ad
725 1526 885 1567 summam
899 1527 983 1562 scut.
1008 1536 1108 1571 2437.
1135 1539 1213 1565 <ou
1243 1536 1419 1571 erogatum
1447 1527 1510 1562 fuit
1537 1529 1570 1563 in

99 1574 309 1608 emptionem
322 1567 442 1603 domus
456 1595 467 1609 ,
494 1581 566 1615 quae
580 1572 756 1608 Iocabatur
769 1586 931 1622 cauponae
946 1598 958 1609 .
979 1572 1085 1608 Usum
1099 1599 1110 1614 ,
1130 1573 1161 1608 ὅ(
1189 1573 1447 1610 destinationem
1469 1574 1572 1618 hujus

98 1609 221 1646 domus
242 1615 392 1651 mutavit
406 1615 538 1662 pluries
556 1619 844 1666 Archihospitale
858 1648 868 1660 ,
895 1634 933 1657 ac
948 1622 1083 1656 demum
1097 1622 1263 1664 majorem
1280 1621 1425 1662 ejusdem
1441 1630 1572 1666 partem

100 1657 225 1705 adiecit
258 1659 489 1698 Nosocomio.
513 1663 670 1703 Tandem
693 1667 875 1712 postulavit
897 1668 1014 1703 abhoc
1038 1668 1143 1703 Sacro
1175 1667 1367 1704 Tribunali
1394 1669 1571 1704 reductio-

98 1715 177 1745 nem
191 1733 201 1746 ,
225 1706 279 1741 vel
300 1707 422 1743 saitem
435 1709 679 1756 suspensionem
704 1712 921 1751 subsidiorum
934 1714 1102 1751 dotalium
1124 1741 1134 1754 ‚
1157 1716 1467 1751 contradicentibus
1491 1717 1572 1751 He·

98 1751 189 1787 {tore
203 1779 214 1795 ,
235 1755 267 1790 δι
285 1754 440 1802 Virgilio
457 1759 608 1804 Augusto
634 1760 820 1798 florentiis
847 1762 1124 1798 descendentibus
1138 1773 1156 1796 a
1184 1764 1306 1799 Marco
1333 1765 1492 1798 Antonio
1512 1767 1571 1799 do-

98 1808 221 1835 natore
234 1829 242 1836 .
256 1801 341 1838 Duo
351 1814 450 1838 erant
464 1805 581 1841 Dubia
598 1834 604 1841 .
624 1833 646 1852 „
672 1807 699 1843 Ι.
719 1811 774 1844 An
789 1808 827 1844 fit
842 1811 935 1845 locus
954 1810 1142 1845 reductioni
1161 1835 1170 1848 ,
1198 1809 1253 1844 seu
1268 1808 1472 1856 suspensioni
1486 1812 1570 1846 Sub-

100 1870 125 1885 2,
150 1845 306 1884 ssdierum
324 1850 507 1887 Dotalium
534 1855 568 1888 in
583 1855 659 1889 casu
673 1856 738 1890 &c.
765 1856 813 1894 11.
828 1859 883 1892 An
910 1868 997 1891 onus
1012 1857 1210 1891 celebrandi
1238 1855 1355 1891 Missas
1373 1857 1521 1901 privatas
1535 1859 1568 1892 in

98 1917 123 1939 2,
149 1895 392 1933 anniversariis
414 1898 587 1936 incumbat
599 1902 662 1938 PP.
678 1901 863 1939 Theatinis
878 1904 911 1939 S.
928 1902 1081 1939 Silvestri
1106 1904 1144 1938 ad
1167 1903 1328 1938 Montem
1349 1903 1568 1951 Quirinalem

98 1965 126 1980 ‚,
149 1953 227 1977 cum
239 1942 455 1992 eleemosyna
473 1958 489 1981 a
506 1948 699 1984 Fundatore
712 1949 878 1996 assignata
891 1975 902 1989 ,
926 1949 983 1985 vel
1002 1950 1130 1996 aliquid
1144 1949 1183 1984 fit
1207 1951 1252 1984 eis
1268 1950 1489 1998 supplendum
1504 1977 1515 1992 ,
1536 1954 1568 1987 &

97 2013 122 2029 ³,
146 1989 328 2035 respective
339 2003 419 2039 quot
429 1993 536 2031 Miss'ae
548 1998 686 2042 privatae
701 1994 765 2032 sint
775 1997 987 2033 celebrandae
1003 1997 1037 2032 in
1051 1996 1129 2032 casu
1145 1998 1213 2032 ἃς.
1229 2001 1329 2042 Causa
1343 2000 1432 2033 dicia
1445 1999 1498 2033 die
1510 2009 1566 2035 22.

97 2061 124 2078 ‚,
146 2037 358 2085 Septembris
365 2048 512 2091 proponi
528 2056 591 2080 non
603 2047 721 2095 potuit
735 2071 745 2084 ‚
765 2047 826 2089 sed
834 2045 1004 2096 proposita
1021 2046 1093 2088 fuit
1109 2044 1162 2078 die
1181 2055 1208 2080 1.
1226 2044 1428 2080 Decembris
1443 2046 1566 2084 eodem

98 2107 123 2122 2,
147 2094 237 2120 anno
256 2088 355 2133 1736·
369 2113 380 2127 ,
405 2091 641 2138 responditque
656 2097 796 2127 sacrum
821 2092 984 2130 Tribunal
997 2119 1004 2127 .
1034 2091 1088 2127 Ad
1105 2091 1129 2126 Ι.
1150 2091 1348 2137 Negative:
1375 2093 1427 2126 Ad
1446 2093 1486 2128 ll.
1500 2092 1566 2130 Af-

96 2154 120 2170 2‚
148 2131 322 2169 firmative
339 2137 448 2183 quoad
464 2137 605 2182 primam
618 2147 745 2183 partem
760 2165 770 2179 ‚
795 2139 956 2187 negative
969 2139 1086 2186 quoad
1104 2138 1282 2173 secundam
1302 2166 1311 2179 ,
1333 2140 1365 2174 &
1380 2141 1563 2175 celebran-

96 2177 277 2261 »ἑὴῗῗίΐε
291 2185 447 2230 quinque
462 2183 577 2221 Miss'as
598 2186 699 2222 lectas
714 2186 748 2221 in
773 2185 911 2235 singulis
926 2185 1169 2224 anniversariis
1183 2209 1207 2227 ‚,
1232 2197 1270 2221 ut
1298 2187 1331 2222 in
1348 2187 1465 2221 eodem
1485 2190 1561 2224 Vol.

98 2229 131 2258 V
162 2249 170 2259 .
217 2230 274 2271 JeJJ
289 2235 364 2267 &c-

50 2266 153 2306 siluit
166 2273 239 2318 post
252 2275 339 2312 lianc
352 2277 585 2317 definitionem
597 2281 709 2318 Causa
723 2307 734 2322 ,
759 2283 792 2317 &
809 2281 1087 2328 Archihospitale
1109 2292 1214 2317 onera
1234 2282 1391 2327 implevit
1404 2309 1412 2318 .
1440 2282 1564 2329 Nuper

96 2327 213 2370 autem
226 2323 437 2370 postulavit,
462 2338 500 2362 ut
525 2328 731 2364 adiiceretur
745 2329 893 2365 alterum
919 2328 1075 2365 Dubium
1090 2328 1131 2362 de
1162 2329 1347 2364 validitate
1362 2330 1562 2364 traniadtio·

93 2375 150 2401 ms
168 2394 178 2406 .
205 2379 304 2415 quam
329 2373 527 2422 impugnare
542 2375 690 2412 intendit
703 2379 847 2422 petendo
865 2376 1013 2419 ejusdem
1039 2375 1261 2411 rescissionem
1275 2403 1285 2415 ‚
1310 2377 1341 2411 δι
1359 2376 1561 2412 facultatem

96 2413 302 2465 :restituendi
318 2419 479 2457 summam
494 2423 588 2459 illam
607 2423 681 2459 scut
696 2432 800 2469 2437.
818 2432 874 2468 50.
891 2449 902 2464 ‚
936 2426 986 2459 sed
998 2435 1075 2459 cum
1088 2423 1272 2469 postulatio
1286 2426 1408 2468 rejecta
1430 2423 1538 2458 suisset
1551 2451 1562 2464 ,
1625 2450 1627 2452 -

93 2462 178 2497 adiit
199 2463 458 2505 Sacratiffimum
481 2470 678 2519 Principem
714 2471 888 2511 nostrum,
917 2471 1083 2517 petiitque
1101 2494 1112 2508 ,
1147 2480 1183 2504 ut
1209 2471 1422 2506 mandaretur
1457 2470 1562 2507 Sacro

95 2507 176 2545 huic
192 2509 383 2551 Tribunali
411 2517 512 2553 notio
527 2519 568 2553 de
594 2519 780 2554 validitate
802 2517 859 2552 vel
886 2517 1104 2553 invaliditate
1128 2517 1278 2560 ejusdem
1305 2518 1560 2553 transaCtionis.

94 2553 281 2607 Rescripsit
297 2561 458 2609 Optimus
474 2565 631 2611 Princeps
645 2568 688 2601 ad
712 2566 849 2603 eandem
868 2563 1166 2613 congregationem
1192 2567 1343 2601 Concilii
1355 2578 1428 2601 cum
1444 2569 1558 2602 omni-

94 2601 159 2654 bns
170 2606 403 2648 facultatibus
417 2612 610 2658 neceffariis
625 2640 635 2654 ‚
662 2617 706 2650 Θ
721 2614 921 2661 opportunis
934 2639 946 2653 ,
966 2621 1067 2657 atque
1080 2612 1129 2648 ita
1143 2613 1285 2647 alterum
1299 2611 1363 2647 hac
1376 2613 1420 2648 de
1432 2624 1465 2647 re
1480 2611 1558 2647 Du-

94 2648 187 2691 bium
201 2655 368 2698 adieetum
386 2657 453 2694 fuit
465 2687 473 2695 .
501 2654 690 2705 Disputant
708 2657 827 2694 fratres
843 2658 1013 2695 Florentii
1030 2660 1115 2695 nihil
1131 2659 1271 2705 proponi
1289 2685 1299 2698 ‚
1323 2671 1382 2696 cur
1397 2661 1559 2695 receden.

92 2696 174 2732 dum
188 2698 226 2735 sit
242 2715 261 2738 a
289 2705 429 2746 decisis,
456 2707 487 2742 &
515 2717 576 2742 cur
598 2707 808 2743 rescindenda
823 2705 862 2741 sit
891 2707 1092 2742 transadio:
1117 2718 1183 2741 non
1209 2705 1274 2741 esse
1296 2707 1519 2743 recedendum
1530 2716 1557 2756 ¹a

91 2743 209 2788 decisis
218 2773 229 2788 ,
248 2762 324 2786 cum
337 2762 458 2800 agatur
471 2754 516 2790 de
529 2756 707 2791 contractu
718 2778 728 2794 ‚
747 2763 815 2802 quo
832 2753 910 2790 casu
923 2753 1021 2838 ipxta
1037 2755 1237 2792 sententiam
1249 2755 1345 2791 Sacri
1358 2755 1458 2836 hugus
1468 2751 1557 2788 Tri·

234 2802 414 2837 Tomataw.
979 2812 1000 2838 2
1420 2809 1506 2836 una-
