1977 3028
98 135 167 171 {ore
184 133 374 169 bonorum,
400 130 488 164 itaut
505 128 622 164 Abbas
646 124 970 163 Commendatarius
994 136 1091 173 agere
1109 132 1266 161 teneatur
1289 132 1410 160 contra
1437 87 1566 160 defussz

94 186 181 218 &uin
200 179 368 212 Abbatem
382 204 391 217 ‚
409 176 547 223 ejusque
562 176 709 210 haeredes
726 201 735 214 ‚
749 185 857 220 neque
873 174 1024 210 excusari
1035 173 1128 219 possit
1144 173 1354 219 negligentia
1382 172 1566 208 Ministro·—

96 238 167 262 rum
181 224 379 265 seminarii,
406 225 466 269 qui
479 223 671 259 del'untffmm
688 223 862 257 Abbatem
876 234 944 256 non
961 220 1114 256 urserunt
1133 233 1231 260 ,cuin
1248 232 1345 254 nemo
1362 219 1495 266 ignoret
1521 232 1564 256 ex

94 272 306 320 negligentia
316 271 555 306 Ministrorum
563 268 746 305 Seminarii
759 269 888 303 nullum
899 268 1013 303 eidem
1023 268 1270 308 detrimentum
1284 266 1398 302 inferri
1409 266 1564 313 potuisse.

57 324 172 367 Longe
185 319 296 354 minus
311 319 424 365 excipi
442 317 531 364 posse
545 329 563 350 a
589 315 796 357 Monasterio
810 317 841 350 ὃ(
860 316 1039 350 Monachis
1052 314 1094 352 de
1107 315 1326 360 exemptione
1343 326 1361 348 a
1384 313 1561 350 solutione

100 369 209 404 'Iaxae
222 378 264 401 ex
288 367 400 401 verbis
429 365 578 406 ejusdem
600 362 913 401 Constimtionis„
938 362 1090 398 Credite
1116 362 1251 397 Nobis:
1280 361 1506 398 Declarantes
1523 363 1564 396 ab

100 442 126 457 ‚,
150 427 190 450 ea
210 423 383 459 exemptos
401 411 465 446 esse
490 413 610 446 debere
631 410 823 457 Regulares
846 421 906 455 pro
928 410 969 447 iis
985 419 1116 446 tantum
1141 407 1320 443 Beneficiis
1336 436 1345 449 ‚
1370 409 1428 444 vcl
1444 408 1565 444 fructi-

82 475 85 480 ·
104 491 128 505 ‚,
153 464 214 498 bus
228 485 239 500 ,
261 471 406 506 quorum
422 460 559 494 ratione
575 457 648 504 ipsis
668 457 866 504 Apostolica
881 457 979 494 Sedes
994 458 1116 492 diserte
1130 485 1140 497 ‚
1168 458 1199 491 &
1213 457 1366 491 excausa
1390 467 1471 491 vere
1492 482 1501 494 ‚
1527 467 1565 490 ac

99 534 132 553 a,
158 508 293 555 proprie
309 506 450 542 onerosa
467 506 604 542 indulsit
624 532 634 546 ,
650 515 687 541 ut
705 505 746 539 ab
759 516 862 540 onere
886 504 999 541 Taxae
1019 516 1080 551 pro
1099 503 1284 548 Seminario
1299 504 1447 548 exempti
1464 503 1527 539 sint
1544 528 1566 542 ,‚

99 557 180 605 quia
199 553 256 599 ipsi
275 554 429 590 redditus
446 581 455 594 ‚
477 565 558 599 quos
573 553 697 587 habent
714 578 724 593 ,
745 552 926 599 possideant
945 564 985 587 ex
1001 551 1099 588 causa
1115 551 1255 586 onerosa
1271 562 1425 598 congruae
1440 549 1566 600 portio-

98 605 152 640 nis
167 601 288 637 eisdem
306 601 470 648 aflignatae
500 602 532 636 in
548 602 620 640 aCtu
643 599 958 642 Commendationis
974 600 1135 635 Abbatiae
1158 611 1200 633 ex
1220 598 1423 645 Apostolica
1450 608 1566 643 provi·

97 649 218 686 dentia
235 648 358 684 Leonis
375 648 420 683 X.
435 649 469 683 in
494 647 660 683 Concilio
675 646 888 683 Lateranensi
902 647 948 682 V.
966 658 1054 681 anno
1070 657 1167 692 1514.
1183 673 1193 684 ,
1220 657 1321 691 quam
1346 643 1566 681 confirmavit

98 700 132 734 S.
149 697 227 732 Pius
251 697 298 732 V.
329 695 586 731 Constitutione
602 694 659 734 sua
675 697 746 730 lata
766 706 857 731 anno
876 706 973 736 1570.
989 695 1080 730 Nam
1094 706 1203 732 :cum
1230 694 1314 727 hanc
1331 695 1481 728 eamdem
1504 703 1569 726 ex-

97 743 291 791 ceptionem
305 743 470 779 Monachi
496 742 732 789 proposuerint
745 754 835 779 anno
857 753 956 786 1729.
972 768 982 782 ,
1005 742 1130 779 oblatis
1145 741 1302 789 precibus
1320 740 1430 776 eidem
1455 738 1568 784 Opti-

98 804 154 827 mo
170 790 321 837 Principi
342 790 530 829 Benedioo
547 789 677 830 xiii„
704 802 724 825 a
751 802 819 837 quo
830 788 911 825 data
926 789 993 825 fuit
1015 789 1186 835 Cognitio
1207 789 1305 822 Sacro
1328 789 1409 823 huic
1426 786 1564 822 Tribu-

96 839 195 876 nali,
219 837 334 880 rejecti
349 837 487 874 fuerunt
501 864 509 873 .
535 839 609 873 Hos
623 849 758 884 quoque
773 838 962 873 Monachos
974 836 1071 883 queri
1093 850 1161 874 non
1180 833 1271 879 posse
1294 835 1334 870 de
1367 833 1564 881 quantitate

96 886 294 922 reddituum
307 911 318 926 ,
337 897 424 931 quos
450 898 492 921 ex
519 884 615 921 bonis
636 885 837 932 percipiunt
854 912 864 927 ‚
891 885 1074 921 constituta
1090 897 1109 920 a
1128 882 1312 918 Visitatore
1329 881 1538 932 Apostolico
1556 907 1567 922 ‚

98 933 179 979 quia
193 933 360 979 imputare
378 932 436 968 sibi
452 934 594 968 debeant
607 958 618 972 ,
647 931 670 965 fi
685 931 839 968 notulam
852 934 998 976 juratam
1013 943 1081 967 non
1103 931 1309 967 tradiderunt
1324 957 1334 970 ‚
1359 928 1544 975 praesertim
1556 954 1567 968 ,

99 993 178 1017 cum
199 992 240 1015 ex
258 980 310 1015 his
325 1005 336 1018 ‚
363 992 437 1026 quae
452 987 697 1026 proponuntur
709 1006 720 1019 ,
738 988 854 1026 pateat
869 992 926 1016 eos
940 980 1042 1026 longe
1056 979 1230 1015 uberiores
1243 977 1369 1012 habere
1387 976 1541 1011 redditus
1557 1002 1567 1015 ‚

99 1041 204 1075 quam
220 1025 388 1064 Visitator
411 1027 603 1063 censuerit.
627 1027 712 1062 Haec
733 1037 836 1073 atque
851 1027 920 1063 alia
945 1027 1170 1062 Seminarium
1188 1052 1194 1061 .
1221 1025 1346 1071 Neque
1364 1025 1406 1059 ab
1428 1024 1566 1058 Abbate

98 1074 406 1114 ,Commendatario
431 1101 442 1114 ‚
462 1085 571 1120 neque
586 1087 605 1110 a
619 1073 827 1113 Monasterio
842 1100 853 1113 ‚
875 1073 1102 1116 &Monaehis
1129 1072 1265 1108 libellos
1286 1071 1415 1115 jurium
1440 1071 1569 1106 habui-

99 1133 173 1158 mus
190 1151 198 1159 .
224 1121 310 1158 Duo
323 1121 400 1157 sunt
413 1121 531 1158 Causae
543 1121 675 1168 Capita
689 1150 698 1159 .

50 1170 80 1208 I.
105 1177 165 1207 An
187 1175 282 1206 Taxa
309 1169 458 1214 imposita
489 1170 616 1214 flzvore
631 1175 717 1208 Ven.
741 1172 928 1208 seminarii
934 1168 1144 1215 fitstineatur
1157 1170 1191 1204 in
1213 1171 1288 1214 cafit
1302 1171 1378 1206 &c-
1393 1167 1424 1202 ὅ(
1441 1174 1568 1214 quate·

240 1227 302 1252 nus
312 1216 514 1256 affirmative
528 1241 539 1258 ,

51 1264 102 1307 11.
126 1271 186 1301 An
197 1290 210 1303 ,
234 1270 278 1302 (φ
293 1266 328 1300 in
343 1265 552 1312 quafnmma
565 1291 576 1307 ‚
601 1269 645 1302 t&
660 1278 681 1300 a
697 1277 763 1313 quo
776 1266 831 1303 die
850 1265 916 1304 illa
929 1264 1096 1302 debeatur
1123 1267 1158 1301 in
1171 1264 1249 1310 cafix
1262 1267 1336 1302 &a

146 1358 274 1398 Dilata
287 1357 326 1393 ad
340 1356 546 1403 secundum,
558 1360 592 1395 ἃ
601 1361 642 1396 ad
653 1345 703 1398 D.
715 1361 936 1400 Secretarium
947 1370 1009 1407 pro
1020 1358 1262 1404 subscriptione
1287 1359 1374 1396 novi
1386 1355 1521 1394 Dubii.

166 1452 501 1494 EAPOLtTANA
518 1454 949 1492 DisPENsATIONIs.
978 1454 1100 1492 Grave
1118 1480 1128 1494 ‚
1159 1462 1197 1490 ut
1215 1452 1434 1501 ipseasserit,
1459 1450 1572 1487 Patris
1633 1442 1720 1486 Sess·
1737 1450 1832 1480 22.c.
1853 1448 1884 1484 s·

67 1544 71 1546 .
100 1513 102 1515 ·
176 1501 358 1549 imperium
376 1501 461 1538 ferre
475 1514 541 1536 non
568 1503 686 1539 valens
720 1504 873 1540 I'homas
896 1504 1047 1545 ·Jnnicus
1072 1501 1294 1543 caracciolus
1328 1501 1436 1537 Fizius
1460 1501 1572 1535 Ducis
1608 1492 1648 1528 de
1662 1490 1734 1538 Res.

95 1548 261 1592 Martinae
278 1548 405 1585 Votum
429 1547 536 1584 emisit
547 1550 884 1596 suscipiendi-statum
896 1551 1106 1598 Regularem
1119 1550 1153 1585 in
1167 1550 1300 1586 Ordine
1311 1547 1546 1584 Carmelitico
1556 1573 1568 1588 ,

98 1594 282 1641 ductusque
298 1622 309 1636 ,
335 1597 399 1632 uti
429 1597 460 1631 se
476 1607 601 1642 pariter
623 1597 760 1639 asserit,
781 1599 864 1635 odio
877 1599 913 1634 in
936 1601 1075 1634 Patrem
1088 1597 1207 1634 omnia
1220 1599 1306 1633 bona
1321 1624 1330 1636 ‚
1356 1598 1500 1642 juraque
1512 1594 1571 1630 sua

93 1642 239 1679 donavit
255 1644 383 1688 partim
408 1643 605 1680 itonasterio
619 1648 639 1681 S
665 1645 783 1682 Maviae
795 1647 836 1682 de
848 1646 933 1682 Vita
946 1646 1090 1687 Ordinis
1102 1645 1370 1681 Carmelitarum
1391 1644 1573 1679 Excalcea—

97 1699 214 1726 torum
227 1689 399 1727 Civitatis
417 1691 584 1736 Neapolis
598 1694 687 1738 quod
704 1693 836 1739 ingredi
849 1693 1068 1738 constituerat
1081 1719 1092 1733 ,
1116 1692 1242 1738 partim
1258 1693 1430 1739 Capitulo
1451 1690 1571 1726 Terrae

98 1738 285 1779 Mantuae,
310 1738 437 1784 partim
463 1739 610 1784 denique
632 1740 803 1776 Sodalitio
829 1742 862 1775 S.
879 1741 1002 1777 Mariae
1024 1742 1064 1776 de
1087 1741 1210 1775 Monte
1231 1740 1393 1776 Carmelo
1409 1765 1419 1779 ,
1444 1743 1471 1773 ὅ.
1492 1738 1571 1785 post

98 1786 190 1821 hanc
207 1785 429 1822 donationem
443 1786 689 1822 Monastarium
716 1788 880 1835 ingressus
889 1787 934 1823 est
950 1815 959 1831 ‚
982 1800 1002 1823 a
1015 1799 1082 1834 quo
1103 1796 1217 1823 tamen
1232 1787 1302 1833 post
1323 1789 1399 1822 octo
1430 1786 1570 1821 Menses

99 1832 243 1872 discessit
258 1858 269 1872 ,
294 1833 325 1868 ὃ(
341 1833 527 1880 ,Regularis
544 1833 640 1869 illius
667 1834 807 1870 Ordinis
822 1835 930 1871 vestes
961 1835 1092 1870 abiecit
1106 1861 1116 1874 ‚
1142 1834 1358 1869 saeculanbus
1383 1833 1545 1878 susceptis
1557 1858 1570 1874 ‚

99 1881 190 1927 quod
202 1879 352 1925 asperum
366 1880 453 1916 illud
467 1880 606 1916 vivendi
619 1891 727 1927 genus
743 1883 829 1916 ferre
842 1893 910 1917 non
922 1880 1029 1926 posset
1044 1881 1111 1916 sine
1127 1881 1210 1916 vitae
1226 1881 1290 1916 suae
1299 1880 1467 1927 periculo,
1483 1890 1565 1915 cum

99 1927 218 1968 tenui,
240 1939 279 1963 ac
291 1939 376 1973 pene
393 1931 510 1966 iuncea
527 1928 562 1962 sit
577 1928 774 1972 valetudine
792 1953 803 1964 .
830 1928 985 1976 Egressus
1011 1926 1214 1964 Monasterio
1234 1953 1244 1967 ,
1267 1927 1468 1973 impetravit
1492 1926 1568 1971 sup-

97 1974 208 2021 presso
221 2000 232 2015 ,
257 1984 296 2010 ut
311 1973 386 2011 fieri
400 1975 486 2015 solet
501 2001 512 2016 ,
536 1975 676 2012 nomine
689 2001 700 2015 ‚
727 1988 747 2012 a
761 1978 861 2012 Sacra
873 1975 1132 2013 Poenitentiaria
1153 1976 1441 2023 dispensationem
1460 1987 1476 2007 a
1498 1987 1568 2010 vo-

101 2032 164 2063 to„
191 2022 372 2068 petitaque
388 2050 398 2063 ,
425 2032 528 2070 atque
543 2026 725 2069 impetrata
739 2037 757 2059 a
771 2023 881 2059 Curia
896 2024 1172 2070 Metropolitana
1186 2023 1353 2069 Neapolis
1376 2021 1568 2058 absolutio-

101 2079 144 2104 ne
158 2082 177 2105 a
191 2069 442 2112 iureiurando,
466 2071 633 2106 afflonem
656 2072 768 2108 movit
789 2081 908 2107 contra
931 2070 1145 2107 Donatarios
1161 2097 1171 2112 ,
1199 2084 1264 2118 qua
1277 2073 1413 2117 petebat
1434 2070 1567 2104 nullam

101 2126 203 2163 atque
219 2117 355 2152 irritam
386 2118 576 2158 declarari,
600 2130 699 2165 quam
728 2119 880 2160 fecerat'‚
909 2118 1156 2156 donationem.
1185 2120 1261 2154 Hac
1290 2119 1353 2153 lite
1375 2117 1570 2165 pendente,

101 2173 179 2198 cum
196 2163 390 2200 advertisset
405 2164 526 2201 aetioni
549 2165 615 2201 suae
630 2165 875 2214 impedimento
886 2165 950 2202 esse
970 2176 1092 2202 votum
1106 2193 1116 2207 ,
1140 2168 1229 2214 quod
1244 2166 1423 2204 emiserat,
1450 2164 1567 2210 postu—

102 2210 192 2245 lavit
204 2221 326 2259 aperto
351 2212 489 2248 nomine
515 2213 557 2252 ab
578 2213 642 2248 hoc
662 2214 763 2249 Sacro
789 2213 977 2249 Tribunali
1000 2214 1300 2259 dispensationem.
1326 2213 1475 2248 Auditus
1501 2211 1569 2249 fuit

103 2257 145 2292 de
157 2258 219 2294 hac
231 2258 454 2305 postulatione
468 2260 628 2296 Nuntius
642 2261 863 2306 Apostolicus
873 2288 883 2301 ,
896 2263 955 2309 qui
972 2262 1044 2296 acta
1057 2262 1164 2297 refert
1178 2259 1353 2304 judicialia
1366 2261 1399 2296 in
1413 2260 1471 2295 suo
1485 2258 1569 2293 Tri-

103 2305 246 2346 bunali,
269 2306 390 2352 quibus
404 2307 564 2347 Sacerdos
594 2307 750 2344 Thomas
773 2310 911 2345 lnnicus
940 2308 1164 2345 Caracciolus
1192 2309 1325 2344 nullam
1340 2335 1350 2348 ,
1368 2308 1569 2352 irritamque
1598 2346 1600 2348 v

102 2353 319 2388 donationem
339 2354 481 2390 dicebat
494 2381 503 2390 .
537 2355 666 2390 Vocati
692 2355 834 2392 fuerunt
847 2357 883 2393 in
903 2357 957 2400 jus
974 2357 1162 2393 Donatarii
1176 2382 1187 2397 ,
1214 2356 1266 2391 sed
1286 2354 1359 2402 post
1381 2355 1570 2390 triennium

101 2400 222 2435 nullus
235 2400 341 2435 adhuc
352 2402 474 2445 venit.
498 2402 608 2438 Causa
622 2414 712 2438 nunc
727 2403 834 2450 igitur
857 2415 918 2451 pro
946 2404 1084 2446 enitar,
1108 2405 1140 2439 &
1164 2405 1262 2450 plura
1288 2411 1469 2449 congregat
1495 2400 1570 2436 Ca-

103 2446 324 2484 racciolusin
341 2447 400 2490 suo
426 2449 564 2491 libello,
587 2451 712 2496 quibus
738 2451 858 2497 probat
879 2463 897 2486 e
926 2462 945 2485 e
963 2451 1077 2486 locum
1101 2450 1379 2497 dispensationi.
1406 2451 1462 2484 An
1487 2460 1571 2484 vero

103 2506 176 2547 quge
191 2495 293 2530 habet
306 2495 454 2547 exnfasto
468 2525 479 2538 ‚
504 2498 695 2545 probentur
709 2525 719 2539 ‚
743 2497 907 2541 iudicium
920 2499 988 2536 erit
1001 2498 1348 2536 eminentissimorum
1360 2497 1500 2533 Patrum
1515 2522 1525 2537 ,
1550 2508 1570 2535 a

104 2543 226 2588 quibus
244 2543 496 2589 expediendum
509 2544 555 2581 est
571 2545 729 2581 Dubium
747 2574 755 2582 .

59 2590 172 2634 {Anfit
193 2593 288 2629 locus
304 2592 543 2641 dispensationi
556 2606 576 2627 a
593 2602 675 2630 voto
690 2595 881 2641 Religionis
895 2597 930 2631 in
944 2597 1019 2640 casu
1036 2598 1113 2634 &cu

153 2683 412 2723 Consulendum
437 2687 645 2723 Sanstissimo
664 2700 724 2735 pro
746 2688 996 2735 dispensatione
1019 2690 1096 2726 voti
1122 2688 1320 2738 Religionis
1342 2695 1479 2725 tantum
1500 2713 1511 2727 ,
1536 2687 1569 2721 &

102 2733 218 2789 quoad
232 2733 431 2772 donationes
454 2744 571 2782 utatur
585 2737 599 2779 J
606 2749 665 2776 ure
682 2737 741 2774 suo
754 2748 872 2774 coram
886 2737 951 2775 suis
964 2737 1140 2780 Judicibus
1156 2762 1166 2775 .
1430 2780 1504 2817 CA
