1978 3017
380 121 423 156 82

378 164 544 209 mundum
561 162 765 208 accepissent
785 188 794 201 ,
821 164 867 197 ita
882 172 1015 202 tamen,
1042 172 1078 196 ut
1091 164 1249 207 deinceps
1265 163 1395 198 nonnisi
1419 162 1626 206 cribratum,
1651 168 1682 201 δι
1705 178 1839 212 expur-

381 221 497 258 gatum
514 218 634 245 mutuo
649 209 786 244 daretur
802 235 812 250 ,
837 210 868 244 &
888 209 1088 245 ,mutuatarii
1112 210 1301 244 cribratum
1313 234 1324 248 ,
1350 210 1380 244 δι
1406 220 1623 256 expurgatum
1640 212 1726 249 illud
1743 214 1840 249 resti-

382 265 542 294 tuerent.
572 257 723 291 Decreto
737 257 853 300 paruit
879 256 1161 296 Administrator‚
1185 267 1326 301 paruere
1353 257 1522 292 debitores
1539 281 1551 293 .
1574 257 1609 294 ld
1621 259 1681 298 ubi
1699 261 1839 300 ¹rescivit

382 301 670 350 Archiepiscopus
683 328 694 342 ,
719 312 812 339 ratus
825 302 898 339 fieri
914 315 980 339 non
1002 304 1144 350 potuisse
1161 302 1228 339 fine
1241 303 1346 340 usurae
1363 303 1439 338 labe
1456 330 1465 343 ,
1491 305 1522 339 ὅ(
1539 305 1636 350 gravi
1652 317 1840 352 pauperum

382 351 590 387 detrimento
607 375 619 389 ,
640 352 772 390 monuit
784 351 960 389 'Officiales
975 378 984 391 ,
1011 360 1049 387 ut
1062 353 1148 397 quod
1163 350 1283 393 injuste
1296 361 1496 398 receperant
1511 353 1716 398 pauperibus
1733 353 1841 394 „debi-

385 397 515 434 toribus
529 397 768 441 restituerent,
795 399 870 433 inde
884 398 982 445 lapsis
996 399 1063 441 iam
1083 409 1134 443 ¹3·
1151 396 1322 433 Menfibus
1336 424 1346 438 ,
1370 399 1451 433 dum
1465 398 1594 435 Montis
1610 399 1841 439 Frumentarii

385 444 617 487 visitationem
628 454 741 491 ageret
758 472 767 485 ‚
790 445 929 481 decreto
955 446 1025 481 lato
1040 473 1050 486 ‚
1076 445 1351 480 Administratori
1373 444 1571 493 praecepit„
1595 447 1657 482 sub
1670 458 1763 492 paena
1778 447 1843 483 du-

385 517 410 535 „
434 492 482 539 pli
495 491 640 538 aliisque
654 494 722 527 &c.
736 502 773 527 ut
787 492 923 532 lucrum
936 503 1123 540 pauperum
1137 493 1382 528 mutuariorum
1394 493 1518 536 injuria
1532 504 1552 527 a
1565 493 1689 535 Monte
1704 494 1781 544 ipso
1793 494 1844 529 in-

386 567 410 581 „
435 540 476 573 de
490 550 690 587 perceptum
709 539 787 574 Peri
796 540 1046 582 torumjudicio
1064 538 1247 574 taxandum
1270 539 1384 574 iisdem
1408 539 1629 585 pauperibus,
1654 541 1708 576 vel
1721 551 1844 582 eorum

383 610 412 631 „
437 586 633 622 haeredibus
659 586 887 632 quantocitius
911 588 1150 629 restitueretur
1164 612 1174 626 ,
1199 584 1291 621 aliud
1301 586 1473 632 erogando
1488 585 1590 633 usque
1611 589 1652 624 ad
1668 586 1846 628 omnimo-

386 659 412 675 „
437 634 513 669 dam
542 633 803 673 ,satisfactionem
819 633 1029 676 frumentum
1045 661 1054 674 ‚
1078 634 1169 680 quod
1182 634 1359 670 annuatim
1376 633 1437 681 ipsi
1450 633 1570 670 Menti
1589 632 1677 678 ⁴solet
1691 634 1847 679 exresti-

388 707 411 721 ,‚
438 680 573 724 tutione
590 679 757 716 frumenti
770 682 917 724 mutuati
929 683 1047 729 augeri
1064 708 1073 717 .
1387 689 1389 691 ’

341 728 480 765 Dubius
494 727 584 763 inter
605 728 678 764 haec
701 730 766 770 duo
785 728 974 775 pugnantia
999 729 1154 764 Decreta
1182 727 1472 769 Administrator‚
1497 729 1712 777 ,incertusque
1729 756 1740 771 ,
1762 729 1848 776 quid

387 773 503 821 ageret
518 801 528 814 ‚
550 773 706 820 confugit
718 775 760 814 ad
773 774 838 810 hoc
861 776 998 811 Sacrum
1020 775 1192 811 Tribunal
1206 801 1216 814 ‚
1241 784 1280 810 ut
1293 774 1394 821 sciret
1408 787 1451 810 an
1465 777 1632 823 primum,
1653 790 1699 820 ,an
1723 778 1849 818 secun-

384 821 469 856 dum
482 820 561 856 effer
574 821 771 857 servandum
784 846 795 857 .
825 822 949 857 Auditi
978 821 1119 865 fuerunt
1145 822 1268 864 Praeses
1282 847 1293 861 ,
1319 823 1350 857 δι
1367 822 1655 869 Archiepiscopus
1671 850 1682 864 ‚
1705 834 1849 869 quorum

387 877 531 914 uterque
544 868 666 905 diserta
680 868 818 914 epistola
833 871 980 904 rationes
995 870 1067 905 suas
1081 869 1244 919 proponit
1257 896 1267 910 ‚
1284 868 1474 916 factumque
1487 878 1605 910 tuetur
1618 897 1627 907 .
1655 869 1849 906 Alterusu-

385 927 428 951 rae
443 915 552 950 labem
566 916 773 958 conti·a61am
790 914 888 958 fuiffe
901 916 1049 952 defendit
1066 931 1075 951 ε
1101 927 1201 964 negat
1216 917 1326 961 alter,
1351 928 1460 962 neque
1476 917 1544 952 alia
1559 918 1687 955 ratione
1697 917 1849 965 *difficul-

385 971 495 998 tatem
507 963 655 1009 expediri
668 961 808 1008 potuiffe
824 963 1002 999 contendit
1017 991 1026 1000 .
1045 964 1157 1000 Causa
1170 975 1261 1009 nunc
1274 963 1405 999 duobus
1417 963 1605 1012 Capitibus
1618 964 1763 1005 collecta
1776 974 1849 1008 pro-

386 1011 527 1056 ponitur
539 1033 551 1045 .
577 1009 755 1054 Libellum
766 1010 862 1045 dedit
879 1011 1146 1047 Administrator
1158 1037 1168 1051 ‚
1191 1023 1259 1058 quo
1281 1012 1469 1057 Decretum
1487 1010 1635 1048 Praefidis
1650 1019 1847 1058 propugnat

386 1057 580 1092 rationibus
602 1055 698 1102 ipsis,
724 1068 805 1103 quas
822 1056 941 1093 Praeses
953 1059 1055 1093 tradit
1070 1060 1104 1103 in
1119 1057 1274 1104 Epistola
1289 1058 1345 1093 sua
1360 1086 1368 1094 .
1393 1058 1683 1107 Archiepiscopus
1699 1060 1844 1097 Promo-
1883 1096 1889 1105 ι

385 1111 500 1139 torem
520 1103 545 1137 F
549 1102 684 1150 iscalem
701 1104 737 1139 in
753 1103 810 1145 Jus
825 1105 944 1142 venire
960 1105 1094 1145 noluit,
1113 1107 1206 1150 satis
1220 1108 1306 1142 enim
1313 1106 1483 1153 superque
1495 1108 1551 1143 fao
1565 1109 1697 1143 muneri
1701 1105 1849 1150 satisfe-

384 1150 460 1195 ciffe
483 1149 534 1193 ait
551 1175 562 1191 ‚
578 1149 653 1192 five
668 1150 742 1196 ejus
764 1153 934 1188 decretum
965 1152 1189 1201 approbatum
1205 1178 1213 1190 ‚
1227 1152 1302 1194 five
1322 1153 1452 1188 nullum
1470 1155 1582 1197 fuerit
1605 1153 1817 1197 declaratum
1835 1173 1846 1184 ·

384 1196 554 1232 Rationes
566 1195 741 1244 utriusque
756 1196 910 1235 Praesulis
924 1210 1107 1245 excerpere
1118 1197 1291 1235 omisimus
1304 1225 1312 1238 ‚
1340 1199 1404 1233 rati
1420 1199 1542 1244 inutile
1554 1200 1638 1241 esse,
1660 1211 1740 1242 cum
1755 1198 1847 1239 Emi-

384 1243 568 1279 nentissimi
584 1244 702 1287 Patres
719 1255 773 1279 eas
795 1246 907 1292 legere
921 1246 1038 1292 poffint
1051 1245 1088 1289 in
1110 1245 1336 1287 ‚disertiflimis
1347 1244 1498 1292 ipsorum
1521 1246 1707 1284 Praesulum
1719 1244 1847 1293 episto-

385 1291 429 1336 lis
445 1318 455 1331 ‚
470 1290 606 1339 -quibus
623 1291 773 1338 expensis
785 1318 796 1332 ,
820 1294 1000 1328 decernere
1016 1301 1176 1340 poterunt
1192 1323 1201 1331 .
1725 1325 1728 1327 .

337 1339 366 1386 ιΙ.
391 1344 451 1375 An
466 1340 603 1377 exactio
610 1339 784 1383 frumenti
795 1339 949 1388 cribrari
961 1354 1046 1377 anno
1067 1349 1166 1386 1750.
1174 1349 1237 1389 per
1252 1347 1291 1388 R.
1306 1345 1350 1376 Ἰ).
1363 1345 1406 1376 D.
1424 1340 1599 1385 Praefidem
1616 1342 1821 1384 demandata
1835 1365 1846 1379 ,

519 1387 632 1431 fuerit
645 1387 802 1434 usuraria
821 1413 832 1428 ,
854 1388 915 1431 seu
930 1389 1061 1425 illicita
1074 1414 1085 1428 ,
1115 1391 1207 1424 itaut
1222 1387 1295 1436 ejus
1309 1393 1492 1424 Decretum
1504 1386 1732 1436 exequutioni
1751 1388 1848 1423 tradi

525 1446 593 1485 non·
604 1432 762 1478 debuerit
776 1435 792 1471 ,ἲ
824 1434 864 1479 ‚Et
880 1444 1044 1484 quatenus
1061 1435 1262 1474 affirmative
1277 1434 1386 1483 quoad
1399 1433 1543 1482 primam
1557 1444 1691 1485 partem
1704 1461 1715 1476 ,
1740 1434 1772 1469 &
1786 1444 1846 1470 ne·

523 1487 640 1526 gative
652 1484 762 1526 quoad
775 1481 957 1518 secundam
975 1507 987 1519 .
1289 1491 1290 1494 ’
1560 1489 1562 1492 ’

337 1525 387 1573 ΙΙ.
411 1526 733 1573 «ΛηῙιιὸΙΞῖηεαιιιν,
759 1534 803 1567 &⁶
820 1535 1046 1578 exequutione·
1059 1534 1257 1570 demandari
1269 1531 1393 1568 debeat
1406 1536 1590 1568 Decretum
1603 1528 1853 1578 &verendtffi-t

524 1573 573 1610 mi
585 1575 849 1627 Archiepifiopi
861 1578 1066 1618 vrbinaten·
1078 1581 1147 1617 diei
1164 1589 1222 1617 20.
1237 1579 1336 1626 ‘Julii
1349 1579 1496 1624 175¹·1'n
1510 1579 1586 1624 casu
1602 1582 1679 1617 &⁶-

432 1667 489 1708 Ad
502 1668 682 1711 Mentem&

768 2000 1399 2079 EINIS.

1681 2788 1789 2833 ΙΝ·
