1978 3017
81 1607 176 1652 xcsslz
182 1616 212 1651 ς.
228 1616 314 1655 capa
321 1618 356 1651 9.

80 1659 117 1691 (ιέ
137 1663 214 1701 Reg-

450 104 545 171 5¹¹sz
557 136 718 184 liquidem
734 136 820 176 Juris
837 133 900 168 esse
914 157 924 173 ,
936 141 974 168 ut
991 139 1262 180 augumentum,
1280 133 1312 168 &
1342 135 1540 171 accessiones
1557 131 1663 182 legati
1696 135 1737 170 ad
1756 134 1908 182 Legata·

448 186 536 220 rium
553 183 694 229 spectent
707 194 749 217 ex
766 181 867 228 leg.si
877 194 920 217 err
933 191 1005 217 toto
1014 181 1160 226 fimcloff.
1177 183 1361 225 deleg.1t.i.
1376 209 1385 222 ,
1407 185 1493 227 quod
1507 207 1518 221 ,
1541 194 1583 217 an
1607 183 1714 217 locum
1731 183 1856 217 habeat
1871 185 1906 218 in

448 232 643 277 quantitate
659 229 770 275 legata
785 255 794 268 ‚
818 228 969 263 viderint
988 227 1241 263 Eminentiffimi
1255 229 1370 262 Patres
1384 253 1392 261 .
1417 228 1515 265 Hanc
1529 228 1622 264 fuiffe
1638 229 1830 265 Testatoris
1846 243 1907 266 vo-

446 278 614 312 luntatem
625 276 750 322 colligi
765 278 1123 322 e.t·c.zp.Fundationis
1137 300 1148 313 ‚
1168 288 1233 321 quo
1255 274 1322 320 ipse
1334 275 1426 311 cavit
1442 302 1451 314 ,
1476 285 1511 311 ut
1537 274 1560 309 fi
1579 277 1694 311 Puella
1720 276 1901 313 decederet

445 323 538 359 infra
553 323 739 358 triennium
754 349 763 362 ‚
789 323 939 357 nondum
952 323 1061 358 eidem
1076 324 1222 368 priestito
1240 322 1384 357 subsidio
1398 323 1505 357 dotali
1527 325 1679 358 ducator.
1700 334 1775 363 300.
1792 351 1800 364 ,
1821 336 1907 371 poi-.-

445 374 497 406 tio
509 372 569 406 illa
583 370 784 406 accresceret
801 369 923 405 Puella:
937 396 946 408 ‚
971 382 1043 415 quae
1061 370 1225 417 Legatum
1241 370 1327 404 dotis
1343 369 1494 417 sequenti
1510 370 1662 405 triennio
1674 380 1809 414 caperet
1828 385 1834 404 :
1864 371 1905 406 ld

442 430 576 464 quoque
592 418 693 464 longo
709 429 766 463 30.
779 423 949 451 annotmm
970 417 1073 462 spatio
1084 417 1254 452 servatum
1268 416 1386 455 fuiffe3
1401 417 1673 464 quotquot'enim
1693 417 1820 453 Puellae
1833 419 1899 453 Le-

443 474 556 513 gatum
570 464 661 499 dotis
676 465 868 502 habuerunt
883 490 892 503 ‚
913 463 1158 500 lucrifecerant
1176 466 1278 499 etiam
1304 463 1470 512 qiiidquid
1495 464 1683 500 reddituum
1697 475 1900 500 excreverat

443 515 534 547 ultra
546 512 774 557 quantitatem
788 512 900 544 ducat.
920 522 1020 553 300.:
1046 512 1133 547 illud
1149 512 1293 557 denique
1310 511 1584 546 considerandum
1600 510 1670 545 esse
1684 537 1694 551 ‚
1722 523 1903 559 augumen-

443 568 516 593 tum
528 560 612 594 illud
628 585 638 596 ‚
667 559 719 594 cui
735 558 854 592 cedere
871 559 1002 592 deberet
1016 585 1023 595 ,
1054 559 1113 592 nisi
1137 560 1349 604 prestaretur
1366 558 1514 593 Puellis:
1548 559 1790 603 Multiplicum
1807 561 1898 594 enim

441 604 577 640 finitum
592 606 639 642 est
652 619 657 638 :
671 605 798 640 servari
814 614 985 650 quantitas
997 606 1055 641 illa
1069 618 1134 640 non
1148 606 1253 652 potest
1268 606 1378 641 donec
1393 630 1402 643 ,
1421 605 1610 642 efficiantur
1624 606 1684 640 alii
1698 606 1807 640 ducat.
1821 617 1894 645 300.

441 653 542 688 alteri
557 654 678 688 Puellae
696 651 869 697 pra-standi
886 652 919 685 in
932 653 1041 687 casum
1054 653 1142 687 dotis
1158 681 1165 693 ‚
1184 653 1262 699 quia
1277 681 1285 692 ‚
1307 653 1464 698 quolibet
1479 654 1628 688 triennio
1641 678 1650 692 ‚
1664 664 1763 688 unam
1780 653 1898 689 dotem

440 698 634 736 uniPueliae
656 702 727 734 dari
742 699 854 734 voluit
877 698 1053 738 festator;
1078 701 1244 745 reliquum
1260 701 1356 744 igitui
1375 698 1438 736 effe
1456 728 1464 739 ‚
1486 711 1524 736 ut
1551 710 1792 746 augumentum
1821 705 1899 734 red-

441 747 572 780 dituum
586 746 724 792 singulis
740 747 865 780 Puellis
888 746 1042 791 quolibet
1056 747 1203 781 triennio
1228 747 1422 785 accrescat;
1455 748 1498 783 Ex
1519 748 1567 781 his
1599 747 1717 793 colligi
1746 758 1896 783 mentem

440 793 632 828 Testatotis
646 820 654 832 ‚
668 795 744 827 dum
759 792 944 834 designavit
959 795 1078 828 ducat.
1093 803 1168 832 300.
1186 817 1195 830 ‚
1226 804 1298 828 eam
1316 792 1411 827 fuisse
1425 821 1434 833 ‚
1451 806 1492 828 ne
1507 795 1568 828 dos
1583 793 1763 837 prestanda
1780 796 1894 830 minoi·

441 839 522 874 esset
536 852 574 874 ea
585 844 795 887 quantitate;
819 840 922 883 idque
940 841 986 875 ita
1001 852 1118 874 verum
1133 839 1197 874 esse
1214 866 1223 879 ‚
1246 848 1283 875 ut
1296 850 1382 874 anno
1401 851 1502 882 1725.
1515 839 1641 874 necesse
1672 840 1775 875 fuerit
1792 844 1891 885 Apo-

440 886 615 922 stoliacam
629 888 806 933 impetrare
818 885 1150 932 dispensationem‚ut
1166 888 1224 922 dos
1237 887 1271 921 in
1286 887 1402 922 minori
1417 887 1609 934 quantitate
1624 887 1758 932 prestat-i
1776 889 1893 933 posset.

439 934 590 969 Nullam
604 935 741 969 demum
755 933 956 979 Capitulum
970 934 1187 968 Cathedralis
1209 934 1358 969 Ecclefiae
1373 936 1537 970 actionem
1562 936 1684 969 habere
1699 959 1710 973 ,
1748 935 1896 981 disputat

439 981 612 1016 Elisabeth
628 994 667 1016 ex
682 981 778 1016 causa
794 980 1022 1024 impensarum
1036 981 1105 1015 litis
1126 990 1238 1016 contra
1259 981 1537 1028 Episcopummisi
1553 982 1670 1027 probet
1687 983 1895 1024 paetuin,aut

439 1028 941 1072 obligatior].:mElisabeth‚aut
950 1028 1038 1061 utile
1050 1028 1158 1062 eidem
1170 1029 1341 1073 negotium
1354 1039 1414 1063 nac
1429 1029 1490 1063 lite
1500 1030 1624 1075 gestum
1641 1028 1894 1073 fuiffoepacmm,

443 1077 473 1109 &
489 1075 734 1121 obligationem
748 1075 876 1109 nullam
885 1073 1107 1108 effeztacitum
1122 1075 1311 1110 consensum
1328 1075 1495 1112 Elisabeth
1511 1088 1544 1110 in
1563 1078 1648 1110 banc
1668 1077 1763 1110 litem
1775 1076 1894 1118 abesse,

441 1134 519 1157 cum
532 1122 781 1158 detrimentum
793 1133 833 1156 ex
845 1133 884 1156 ea
895 1123 1063 1166 acceperit
1077 1121 1180 1156 dilata
1197 1121 1324 1157 dotalis
1337 1121 1469 1158 subsidii
1483 1123 1650 1157 solutione
1665 1124 1708 1158 ob
1721 1124 1897 1159 hanccon·

442 1169 654 1205 tsoversiam.
673 1170 794 1204 Eadem
809 1182 881 1215 quae
898 1170 1000 1203 habet
1017 1168 1204 1204 Elisabetin
1217 1168 1274 1203 suo
1288 1169 1408 1204 libello
1424 1170 1521 1205 habet
1541 1169 1718 1214 Episcopus
1730 1196 1741 1210 ‚
1767 1180 1804 1206 ut
1819 1168 1893 1206 fieri

444 1217 529 1253 solet
546 1243 556 1256 ,
569 1218 707 1253 auditus
725 1245 732 1252 .
759 1218 792 1251 A
808 1216 969 1261 capitulo
994 1216 1079 1250 nihil
1094 1216 1270 1251 habuimus
1282 1228 1293 1254 ;
1305 1217 1375 1251 duo
1388 1216 1462 1252 sunt
1476 1216 1592 1253 Causa:
1603 1215 1728 1262 Capita
1742 1244 1751 1253 .

396 1267 428 1304 I.
452 1271 509 1300 An
521 1265 699 1309 fitbstdittm
716 1265 840 1300 Βακὰ»
860 1267 921 1299 ‘Pii
935 1268 1062 1299 Montis
1078 1267 1269 1308 *juvenatii
1281 1265 1443 1300 debeatur
1458 1263 1632 1308 Elisabeth
1661 1264 1783 1307 chiefl,
1800 1270 1844 1302 Θ
1857 1268 1892 1301 in

592 1324 659 1359 qua
676 1314 873 1358 quantitate
891 1310 906 1346 3

399 1363 450 1399 11.
474 1360 692 1406 Ansumptns
707 1361 788 1394 litis
802 1368 919 1394 contra
935 1359 1200 1406 Episcopumper
1215 1369 1447 1406 exequutores
1465 1362 1526 1395 Ῥίἱ
1539 1361 1664 1394 montis
1679 1362 1816 1406 erogati
1829 1361 1887 1396 cle-

580 1408 672 1451 fumi
688 1407 830 1443 debeant
845 1418 889 1443 ex
906 1408 1096 1443 redditibus
1110 1407 1251 1453 ejusdem
1264 1409 1327 1444 Ῥίἰ
1339 1409 1466 1444 Montis
1481 1409 1515 1443 in
1529 1407 1603 1453 casu
1617 1409 1692 1443 &a

489 1503 616 1539 Dilata
630 1498 668 1538 ad
683 1504 877 1550 sequentem
898 1531 906 1542 .

482 1599 723 1635 OVIANEN.
737 1626 747 1639 ‚
765 1600 848 1634 SEU
867 1599 1077 1636 SEPINEN.
1102 1599 1490 1637 REsTtTUTIONIS
1518 1597 1570 1634 IN
1592 1596 1864 1634 INTEGRUM
1878 1612 1891 1639 ‚-

483 1647 570 1682 Bona
587 1647 767 1693 Augustini
788 1647 967 1682 Viffillini
986 1649 1191 1683 Luem-entis
1207 1675 1215 1687 ,
1239 1649 1492 1696 quiann01718
1518 1647 1654 1682 deceliit
1671 1672 1680 1686 ‚
1706 1647 1805 1681 unico
1835 1645 1895 1680 su-

443 1695 578 1739 perstite
592 1694 662 1728 silio
679 1693 823 1733 infanti,
847 1705 1056 1740 occuparunt
1074 1697 1275 1731 Avunculus
1291 1696 1436 1731 Carolus
1455 1697 1624 1729 Antonios
1642 1693 1732 1728 della
1757 1693 1864 1727 barca
1881 1718 1893 1732 .

443 1743 474 1776 ὅ(
493 1742 635 1775 Patruus
654 1753 791 1787 magnus
805 1742 948 1781 joannes
964 1742 1000 1775 di
1019 1742 1149 1786 Filippo
1162 1770 1169 1782 ‚
1197 1754 1284 1778 neve
1300 1746 1387 1777 bona
1405 1743 1523 1786 eupuli
1538 1740 1733 1780 dimittere:
1760 1741 1894 1774 eumad

443 1788 635 1834 legitimam
653 1787 876 1834 pervenisset,
896 1798 1027 1823 ‘etatem
1043 1814 1052 1823 ,
1075 1791 1105 1823 δι
1121 1790 1248 1836 uteie,
1276 1802 1312 1824 ac
1328 1801 1416 1824 curae
1440 1818 1442 1822 ,
1461 1800 1558 1833 quim
1578 1790 1684 1822 invita
1701 1798 1806 1822 matre
1826 1785 1893 1820 sus-

442 1846 600 1880 ceperant
615 1862 623 1874 ,
653 1837 822 1869 rationem
837 1836 972 1870 reddere
987 1844 1181 1870 tenerentur
1195 1862 1204 1875 ‚
1232 1848 1365 1871 omnem
1381 1844 1545 1870 navarunt
1574 1846 1710 1879 operam
1731 1862 1740 1875 ,
1772 1844 1806 1867 ut
1825 1834 1891 1874 Jo-

443 1882 519 1927 sepli
540 1910 547 1921 ‚
572 1885 630 1916 l=0c
649 1891 720 1916 erat
736 1893 842 1927 puero
856 1894 976 1916 nomen
993 1909 1002 1922 ‚
1027 1882 1214 1918 monastice
1227 1882 1407 1923 disciplinae
1435 1894 1556 1918 nornen
1569 1883 1661 1916 daret
1678 1895 1688 1920 ;
1718 1892 1777 1916 nec
1792 1880 1892 1915 minis

443 1941 505 1964 nec
521 1929 724 1964 verberibus
741 1928 971 1964 abstinuerunt
991 1958 996 1964 .
1020 1930 1108 1964 Cum
1128 1931 1213 1965 nzhil
1232 1931 1451 1976 proficerent,
1475 1929 1676 1965 indixerunt
1707 1928 1864 1962 militiam
1881 1955 1890 1964 .

447 1978 546 2022 Fugit
561 1976 674 2020 joseph
691 1977 841 2011 crudeles
856 1988 960 2010 terras
975 2003 983 2015 ,
1005 1978 1084 2011 &in
1101 1988 1218 2013 matris
1231 1980 1367 2013 domum
1387 2005 1394 2013 .
1419 1990 1492 2024 qua:
1505 1978 1543 2011 ad
1568 1976 1722 2011 secundas
1750 1985 1889 2010 venerat
1939 1995 1942 2004 =

445 2024 585 2071 nuptias
597 2024 817 2069 cuinjoanne
830 2024 870 2057 de
897 2024 1016 2059 Ernico
1036 2024 1211 2071 Fogetano
1227 2052 1236 2066 ‚
1259 2025 1326 2059 sese
1349 2025 1502 2067 recepit.
1529 2025 1604 2059 Sors
1632 2033 1739 2058 tamen
1767 2021 1889 2056 eadem

446 2070 513 2106 fuit
527 2097 537 2111 ,
559 2071 646 2105 male
661 2070 793 2105 habitus
808 2083 822 2104 a
842 2071 993 2106 ViClrico
1007 2097 1016 2110 ‚
1040 2083 1097 2117 qui
1112 2084 1187 2106 eum
1206 2072 1294 2107 domi
1309 2072 1370 2107 suie
1383 2083 1469 2118 „egre
1486 2071 1637 2107 ferebam
1662 2069 1805 2104 Patriam
1824 2069 1890 2115 igi-

445 2127 501 2153 tur
516 2145 524 2157 ,
541 2118 761 2152 Avunculum
776 2144 785 2157 ‚
802 2118 1028 2163 Patruumque
1043 2130 1197 2165 inagnum
1213 2120 1329 2155 matris
1345 2119 1487 2154 consilio
1501 2116 1631 2152 revisit:
1657 2116 1778 2151 iterum
1793 2116 1835 2150 ab
1849 2117 1890 2150 iis

446 2174 583 2200 ventum
598 2164 642 2199 est
660 2166 698 2198 ad
712 2166 815 2200 minas
831 2194 840 2206 ‚
865 2167 895 2199 ὅ(
913 2166 1052 2200 verbera
1064 2190 1074 2200 .
1092 2168 1185 2207 inops
1200 2166 1326 2202 consilii
1343 2190 1350 2200 ,
1367 2166 1542 2209 animoque
1558 2165 1678 2199 fractus
1694 2163 1888 2198 adolescens

445 2213 562 2247 consen
581 2224 636 2246 uin
651 2212 802 2257 praestitit
818 2240 825 2251 ,
845 2221 881 2247 ut
901 2212 1082 2258 Regularis
1095 2211 1187 2248 fieret
1209 2240 1218 2252 ‚
1242 2214 1333 2247 nulla
1351 2213 1470 2253 iniessa
1485 2223 1576 2246 mora
1591 2211 1630 2246 ad
1646 2211 1760 2246 Patres
1776 2211 1888 2246 Ordi-

444 2261 497 2294 nis
513 2260 687 2293 Minoruin
704 2259 967 2292 Observantium
983 2286 991 2297 ς
1011 2262 1069 2304 qui
1086 2262 1117 2293 in
1130 2260 1282 2294 Civitate
1306 2260 1417 2304 Sepini
1442 2260 1514 2294 sunt
1529 2284 1538 2297 ‚
1561 2259 1674 2293 duClus
1692 2257 1754 2292 fuit
1767 2283 1777 2296 ‚
1800 2269 1886 2291 neve

445 2306 540 2340 abiis
553 2305 755 2340 recusaretur
770 2330 779 2343 ‚
804 2305 918 2340 salsum
934 2307 1013 2340 tulit
1029 2307 1230 2341 Avunculus
1246 2307 1474 2342 testimonium
1499 2306 1670 2348 publicum
1687 2331 1698 2344 ,
1719 2318 1784 2352 quo
1797 2315 1885 2338 cun-

444 2355 501 2388 etis
515 2364 628 2399 patere
641 2352 828 2387 tesbbatur
842 2353 986 2387 alterum
1001 2364 1040 2387 ex
1063 2353 1251 2399 Augustino
1277 2353 1453 2388 Vaffallrni
1469 2352 1627 2395 superesse
1652 2352 1760 2387 lilium
1782 2360 1884 2386 aetate

441 2402 602 2443 majorem
614 2399 773 2443 Josepho.
808 2399 923 2434 Vestes
938 2400 1050 2446 itaque
1067 2400 1203 2435 Ordinis
1215 2428 1223 2439 ‚
1249 2402 1328 2435 licet
1342 2400 1426 2435 sebri
1446 2402 1618 2435 laboraret
1633 2427 1642 2439 ‚
1670 2399 1835 2443 suscepit,
1850 2400 1885 2433 ec

441 2447 525 2482 licet
538 2448 747 2492 probationis
762 2455 915 2492 tempore
925 2447 1080 2481 aversum
1094 2451 1244 2482 animum
1259 2460 1274 2481 a
1290 2447 1462 2486 disciplina
1483 2447 1647 2492 Regulari
1665 2473 1673 2484 .
1698 2448 1727 2480 &
1755 2456 1885 2481 metum

441 2505 478 2528 ac
493 2496 560 2529 vim
578 2493 633 2529 sibi
652 2494 779 2528 illatam
795 2494 893 2529 sociis
911 2493 1086 2537 aperuisset
1099 2520 1107 2533 ‚
1130 2493 1363 2530 professionem
1377 2505 1490 2530 tamen
1502 2503 1659 2529 emittere
1674 2493 1803 2531 debuit,
1818 2504 1887 2526 no-

441 2552 582 2585 menque
596 2541 737 2585 suscepit
756 2542 790 2576 l).
807 2541 982 2586 Augustini
998 2553 1015 2575 a
1028 2541 1196 2580 Luceria;
1218 2544 1312 2577 cavit
1326 2552 1438 2577 tamen
1455 2543 1510 2577 sioi
1525 2568 1535 2581 ,
1561 2550 1596 2575 ut
1612 2541 1726 2588 potuit
1745 2566 1753 2578 ,
1772 2540 1882 2581 pluri·

440 2587 498 2621 bus
511 2588 630 2621 emislis
648 2586 944 2631 protestationibus
957 2590 996 2623 de
1011 2588 1044 2622 vi
1059 2596 1216 2632 metuque
1232 2587 1424 2628 simulatis,
1439 2589 1550 2636 deque
1565 2590 1678 2622 animo
1693 2599 1882 2632 proponen-

439 2632 495 2671 di,
522 2645 597 2667 cum
612 2634 718 2679 posset
733 2661 742 2673 ‚
766 2635 962 2670 nullitatem
972 2634 1183 2670 Profeffionis
1197 2663 1205 2675 ‚
1232 2638 1472 2682 necquicquam
1484 2635 1883 2680 obstantequinquennio‚

437 2690 494 2713 aut
512 2681 618 2713 Sacris
631 2681 821 2716 Ordinibus
840 2706 849 2715 .
866 2682 1008 2716 Biennio
1019 2682 1187 2727 postquam
1204 2694 1328 2718 nomen
1344 2683 1509 2729 Regulari
1524 2681 1882 2716 Ordinidederat,e·iin

438 2729 524 2772 apud
539 2727 760 2762 Avunculum
772 2727 849 2762 effet
866 2755 875 2769 ,
899 2730 930 2764 δι
944 2738 1148 2775 quaereretur
1159 2729 1202 2765 de
1219 2730 1253 2767 vi
1268 2739 1426 2776 metuque
1439 2728 1498 2765 sibi
1513 2728 1619 2764 illatis
1636 2754 1647 2770 ‚
1673 2730 1761 2763 alter
1777 2739 1810 2762 in
1828 2727 1884 2761 al·

1737 2785 1848 2810 terum
