2000 3017
41 1637 116 1684 Seffl
135 1646 192 1681 ας·
204 1651 230 1676 ε,
252 1649 302 1683 ¹9·

40 1688 77 1721 de
90 1686 216 1731 Reguh

391 125 512 167 70..

389 172 573 196 minarium
599 158 816 202 erigeretur,
843 157 899 190 cui
926 153 1124 190 Beneficiati
1155 163 1271 187 omnes
1286 152 1494 190 Surrentinae
1520 154 1718 191 Dioeceseos
1742 167 1870 195 certam

387 219 531 242 annuam
556 206 785 251 quantitatem
814 204 971 250 praestare
998 209 1221 237 tenetentum
1247 210 1422 248 quantitas
1447 210 1563 236 autem
1588 203 1770 241 constituta
1800 207 1870 241 fuit

390 253 566 289 Beneficiis
584 252 724 287 Curatis
744 251 913 285 scutorum
930 264 960 290 4-
987 251 1020 284 in
1046 249 1169 294 singula
1191 258 1330 283 centum
1353 261 1394 283 ex
1418 248 1632 288 redditibus,
1662 252 1692 285 &
1708 252 1871 300 simplici—

387 304 446 336 bus
466 298 640 335 Beneficiis
656 299 824 334 scutorum
840 308 869 342 ς,
892 299 980 333 lntcr
1004 296 1167 334 Beneficia
1185 321 1195 334 ‚
1220 308 1293 342 quae
1318 297 1475 332 statutam
1495 295 1584 332 hanc
1602 299 1869 343 quantitatem-2

388 350 588 387 solverunt,
612 347 677 381 fuit
706 346 853 380 Abbatia
870 349 984 380 Siznc‘li
1006 346 1371 390 PetriadCrapolliim
1390 372 1398 382 ,
1424 356 1498 390 quae
1524 343 1609 379 intra
1634 343 1720 380 fines
1731 347 1869 383 Surren.

391 397 470 432 tina:
487 394 686 430 Dioeceseos
710 393 768 427 sita
783 392 848 426 est:
874 392 930 436 ipsi
945 393 1067 427 Sanetae
1087 391 1250 425 Romanae
1264 391 1413 427 Ecclefiae
1431 391 1630 427 cardinales
1646 393 1867 439 Ampliffimi‚

388 455 466 478 cuin
487 442 638 477 Abbates
660 441 788 478 essent,
814 441 844 474 &
860 439 1074 474 Collectores
1093 437 1279 483 spoliorum
1292 440 1442 473 Camere
1461 439 1663 484 Apostolicae
1682 452 1778 479 ,cum
1797 442 1873 476 Ab·

392 492 480 526 batia
496 499 653 527 vacaret,
681 487 1022 533 quantitatemillam
1053 485 1253 520 solverunt.
1283 485 1414 521 Renuit
1440 495 1553 520 tamen
1581 486 1677 521 illam
1705 487 1874 526 solvere.)

390 536 679 581 Archiepiscopus
696 535 878 578 Capuanus
895 562 902 573 ,
931 534 989 579 qui
1007 534 1123 567 Abbas
1136 532 1180 566 est
1199 559 1207 574 ,
1227 533 1381 579 cellisque
1399 534 1433 568 in
1450 532 1584 568 irritum
1599 535 1736 569 urbanis
1753 536 1873 569 omni-

387 586 447 621 bus
464 584 586 619 officiis
602 610 611 622 ‚
637 583 736 617 satius
752 581 925 615 duxerunt
941 581 1127 615 Curatores
1143 580 1324 615 Seminarii'
1352 581 1483 623 judicio
1506 589 1627 615 contra
1647 593 1723 617 eum
1742 592 1869 628 agere.

387 633 540 667 Auditus
570 630 678 675 igitur
693 656 701 668 ,
727 638 764 664 ut
780 630 877 662 moris
891 628 935 663 est
950 656 959 668 ‚
983 626 1270 672 Archiepiscopus
1286 628 1502 664 Surrentinus
1524 638 1646 663 contra
1679 628 1871 676 Archiepi-

393 679 532 725 scopum
556 676 758 722 Capuanum
774 675 973 720 respondit,
986 674 1164 720 Causaque
1187 686 1275 710 nunc
1289 674 1481 711 definienda
1495 676 1699 721 proponitur
1717 698 1727 710 .

345 725 516 773 Apertam
538 723 601 758 effe
625 723 822 759 Tridentini
848 721 1099 766 dispositionem
1114 730 1233 766 urgent
1253 722 1439 760 Curatores
1453 723 1633 766 Seminarij
1653 749 1663 762 ,
1691 733 1727 759 ut
1742 724 1870 759 nulla-.-

391 774 435 808 de
463 773 595 806 afflone
634 770 699 805 esse
738 770 835 815 poffit
875 769 1059 811 disputatio
1083 781 1091 802 ς
1118 771 1156 802 de
1194 769 1386 813 quantitate
1426 779 1560 804 cautum
1599 770 1694 805 fuisse
1722 771 1868 805 Provin-

391 820 472 854 ciali
502 817 689 855 Concili03
716 816 831 858 justam
870 816 904 850 fu
922 816 963 850 sse
999 815 1229 859 quantitatem
1264 816 1356 850 illam
1391 828 1410 851 a
1437 816 1598 850 Concilio
1625 816 1780 852 statutam
1811 818 1866 852 sa·

395 866 442 900 tis
457 865 608 911 dignosci
636 877 676 898 ex
695 863 916 910 cognitifliina
936 861 1187 897 Constitutione
1212 863 1372 908 Optimi,
1396 863 1660 909 Sanctiflimique
1684 863 1866 900 Pontificis

388 911 564 947 Benedicti
582 910 687 945 Xlll.
708 939 716 951 ‚
748 922 821 956 quae
849 911 919 954 post
949 910 1150 944 Concilium
1174 909 1366 944 Romanum
1390 911 1423 946 in
1443 912 1551 946 iucem
1577 911 1750 945 hominum
1773 912 1866 948 edita

390 960 476 996 fuit.
491 959 730 1003 Exceptionem
749 969 961 1002 unam,quam
980 957 1137 1000 proponit
1151 956 1310 991 Abbatiae
1325 959 1411 992 bona
1427 970 1492 993 non
1505 957 1570 992 effe
1589 956 1868 993 inDiuecefiSur-

390 1007 524 1044 semina
540 1031 549 1044 ,
574 1015 631 1039 aut
647 1007 762 1041 saltem
778 1006 939 1046 majorem
956 1007 1122 1038 bonorum
1144 1013 1270 1048 partem
1292 1004 1324 1038 in
1350 1018 1388 1040 ea
1413 1018 1478 1040 non
1505 1005 1570 1040 effe
1587 1003 1704 1039 fitam.
1727 1005 1866 1040 Proba-

393 1056 523 1089 tionem
551 1052 648 1092 hujus
665 1053 795 1086 nullam
811 1054 873 1087 eisc
898 1051 992 1092 ajunt
1008 1050 1190 1085 Curatores
1206 1052 1386 1087 Seminarii
1402 1078 1411 1093 ‚
1438 1055 1515 1099 quia
1544 1051 1668 1089 titulus
1696 1052 1788 1087 illius
1802 1053 1872 1087 Ec-

392 1100 525 1139 clefiae,
556 1111 655 1144 quain
685 1099 845 1144 proponit
865 1097 1154 1143 Archiepiscopus
1179 1096 1365 1141 Capuanus
1385 1127 1393 1139 ‚
1419 1111 1485 1135 non
1508 1100 1554 1135 'sit
1585 1107 1617 1134 5.
1648 1103 1750 1134 Petri
1777 1126 1785 1138 ,
1813 1098 1873 1134 sed

394 1155 428 1182 S.
447 1148 629 1194 Philippi:
659 1146 823 1180 Titulum
841 1173 849 1184 ,
876 1146 906 1179 &
930 1145 1113 1179 Abbatiam
1139 1146 1172 1178 in
1192 1144 1345 1180 Dioecesi
1364 1147 1568 1182 Surrentina
1586 1145 1678 1181 sitam
1691 1145 1754 1182 effe
1769 1157 1874 1191 aper-

394 1205 428 1229 te
456 1195 588 1241 liquere
613 1206 651 1227 ex
672 1193 869 1227 centenaria
888 1192 1135 1227 observatione
1151 1191 1308 1227 solvendi
1327 1206 1337 1230 3
1364 1194 1516 1229 Abbates
1543 1192 1633 1229 enim
1653 1193 1777 1229 saneim
1793 1195 1873 1228 Ro-

394 1253 500 1277 manae
517 1241 668 1276 &cleric
683 1239 892 1275 Cardinales
910 1267 919 1279 ‚
935 1240 1085 1274 Camerx
1103 1238 1307 1283 Apostolic.e
1323 1253 1391 1274 non
1410 1241 1584 1276 solvissent
1598 1265 1608 1278 ‚
1633 1239 1655 1274 fi
1669 1240 1819 1275 ‘situlus
1837 1241 1874 1274 in

396 1289 550 1324 Dioecesi
568 1288 770 1322 Surrentina
795 1299 860 1321 non
877 1286 984 1323 fuisset
1001 1301 1009 1319 :
1031 1291 1070 1321 de
1084 1288 1177 1321 bonis
1193 1296 1287 1320 extra
1312 1287 1495 1324 Diuecesim
1519 1288 1584 1323 fitis
1601 1289 1730 1323 nullam
1746 1287 1873 1321 haben-

394 1339 470 1371 dam
485 1335 548 1371 effe
565 1336 756 1372 rationem3
783 1335 840 1370 ubi
867 1334 999 1370 situlus
1022 1332 1090 1372 est,
1118 1335 1166 1370 ibi
1183 1332 1382 1369 solvendum
1406 1335 1476 1374 est,
1496 1347 1563 1371 non
1587 1336 1645 1369 ubi
1672 1337 1758 1369 bona
1784 1340 1872 1367 Bar-

394 1384 458 1426 boJL
488 1386 530 1418 ad
556 1384 665 1418 concil
695 1382 843 1418 Trident.
865 1381 935 1426 Jestl
952 1392 1007 1420 23·
1034 1387 1168 1428 c..p.18.
1183 1393 1268 1416 num.
1288 1390 1342 1415 ει.
1361 1383 1771 1428 Pignatcll.c0ns}rlt.13.
1788 1394 1816 1415 n.
1837 1391 1870 1420 4.

394 1431 536 1470 tom.8.,
561 1430 709 1474 &nuper
737 1432 874 1464 Sacrum
890 1430 951 1463 hoc
971 1427 1139 1462 Tribunal
1168 1431 1200 1463 in
1221 1432 1399 1464 Tarentina
1428 1435 1520 1465 Tuxae
1549 1429 1651 1463 toties
1675 1425 1870 1475 proposita·

394 1479 451 1513 Ab
466 1477 735 1522 Archiepiscopo
749 1477 918 1524 Capuano
934 1476 1017 1510 nihil
1033 1476 1189 1510 hactenus
1205 1474 1414 1512 habuimus:
1442 1476 1602 1512 Dubium
1613 1475 1679 1511 est.

347 1533 406 1563 ‚An
419 1525 638 1570 fitfhlvenda
665 1530 753 1559 Tizxa
771 1526 958 1561 Semin-zrio
980 1526 1177 1560 Surrentino
1200 1525 1232 1557 iaz
1260 1529 1335 1569 casu
1361 1529 1434 1563 ΘΕ,

430 1618 724 1657 LACENTINA
757 1618 1066 1656 NULLITATis
1093 1617 1429 1655 PROFESSIONIS
1447 1645 1456 1655 .
1479 1618 1623 1654 Nullam
1644 1616 1724 1653 dicit
1742 1615 1868 1653 Profes-

439 1665 560 1701 sionem
574 1693 584 1705 ‚
608 1678 706 1712 quam
721 1670 753 1702 in
769 1665 1254 1702 MonasteriofCarmelitarum
1271 1666 1454 1702 Placentiae
1467 1665 1575 1701 emisit
1592 1666 1618 1701 P
1654 1664 1744 1700 Elias
1759 1666 1866 1711 May·

396 1714 511 1750 nei-ius
536 1724 746 1756 nuncupatus
763 1740 772 1750 .
801 1714 987 1749 Nullitatis
1006 1712 1137 1748 causam
1153 1714 1362 1759 praecipuam
1381 1713 1482 1749 sumit
1497 1725 1537 1748 ex
1561 1712 1687 1747 defeetu
1706 1712 1868 1747 volunta-

398 1762 442 1796 tis
455 1786 465 1799 ‚
491 1761 521 1793 δι
542 1760 718 1795 consensus
736 1760 919 1807 profitendi
937 1761 1139 1805 Regularem
1155 1759 1367 1804 disciplinam
1381 1763 1513 1797 adactus
1525 1762 1562 1795 ad
1587 1772 1662 1794 eam
1688 1759 1868 1804 desperato

397 1807 644 1853 suscipiendam
658 1820 698 1842 ex
714 1808 867 1849 saevitiis,
883 1810 915 1843 vi
930 1836 939 1846 ,
955 1817 1046 1841 metu
1060 1819 1133 1852 qux
1153 1807 1256 1841 illatis
1272 1818 1289 1840 a
1301 1807 1395 1852 julio
1410 1807 1590 1853 Maynerio
1605 1806 1717 1845 Patre,
1734 1805 1789 1852 qui
1809 1807 1868 1839 mi-

398 1857 489 1889 litari
505 1855 645 1899 ingenio
664 1857 781 1891 omnia
799 1856 893 1890 ferro
908 1883 918 1895 ‚
942 1864 1046 1900 atque
1060 1854 1160 1890 armis
1178 1856 1344 1889 tractabat
1356 1881 1366 1894 ,
1391 1855 1421 1888 &
1436 1853 1589 1891 derelicta
1601 1854 1704 1888 etiam
1721 1853 1867 1890 militia,

397 1901 540 1937 bellicos
555 1913 662 1936 mores
686 1915 749 1937 non
767 1913 930 1947 exuerat,
958 1900 1110 1946 filiosque
1134 1901 1349 1935 acerbiiiime
1374 1901 1591 1947 excipiebam
1619 1899 1867 1935 Francia-utre„

398 1950 489 1984 enim
508 1949 671 1983 indecoris
685 1951 831 1985 vestibus
846 1976 854 1987 ‚
882 1950 966 1984 fame
982 1976 992 1989 ,
1021 1951 1211 1982 verberibus
1230 1974 1238 1986 ‚
1265 1959 1386 1982 catena
1403 1949 1510 1984 terrea
1524 1975 1532 1986 ,
1550 1947 1715 1982 viliffimis
1729 1943 1867 1993 quibus-

397 2008 462 2041 que
476 1996 584 2040 operis
599 1996 768 2031 afficiebat
783 2025 790 2035 ,
814 1998 1056 2039 addicebatque
1069 2007 1182 2030 amore
1199 1995 1363 2029 Bernabei
1390 1994 1455 2030 filii
1470 1994 1697 2042 primogeniti
1715 2019 1724 2032 ‚
1748 1993 1802 2027 cui
1829 2001 1867 2025 ut

398 2053 475 2086 opes
500 2044 659 2077 maximas
673 2054 879 2089 compararet
895 2069 903 2080 ‚
929 2041 1140 2078 Frtinciscuin
1163 2044 1200 2076 ad
1216 2041 1426 2086 Regularem
1450 2042 1665 2082 disciplinam
1682 2039 1868 2084 suseipien-

397 2090 477 2123 dam
492 2090 682 2134 compulit.
715 2091 762 2125 Ut
781 2093 867 2126 mala
884 2090 1016 2137 fugeret
1034 2089 1228 2123 Franciscus
1245 2116 1254 2128 ,
1282 2087 1380 2122 fracta
1397 2115 1406 2128 ‚
1433 2101 1495 2134 qua
1511 2087 1716 2133 alligebatur
1735 2112 1746 2125 ,
1770 2096 1867 2120 cate-

399 2148 442 2172 na
456 2163 463 2175 ‚
485 2135 591 2171 ferrea
605 2164 613 2176 ,
637 2137 703 2172 sese
723 2141 838 2174 atecro
854 2140 888 2173 in
904 2140 994 2172 viam
1009 2137 1214 2181 preecipitern
1229 2136 1345 2175 dedit,
1373 2136 1404 2170 ἀ
1430 2137 1470 2169 ad
1489 2135 1692 2170 Carmelitas
1721 2145 1868 2179 perven-

397 2195 451 2217 tus
473 2182 680 2228 postulavit,
707 2186 792 2223 utin
809 2187 970 2221 Ordinem
989 2185 1217 2228 reciperetur.
1242 2182 1374 2221 Renuit
1391 2183 1544 2229 primum
1561 2182 1659 2216 Pater
1681 2181 1869 2228 praestaroe

395 2229 604 2268 consensum,
619 2231 774 2267 recusans
789 2260 798 2271 ‚
827 2235 913 2279 quod
928 2230 1174 2277 flagrantiflime
1190 2230 1408 2274 concupierat
1426 2256 1436 2268 ,
1465 2240 1544 2264 mox
1571 2229 1667 2263 illum
1693 2227 1867 2273 praestitit,

400 2278 551 2312 indicens
566 2288 678 2312 tamen
694 2305 702 2317 ,
732 2279 752 2313 si
776 2280 963 2317 simularet,
989 2289 1096 2313 necin
1112 2278 1241 2313 Ordine
1254 2287 1493 2325 permaneret,
1523 2276 1649 2318 majora
1675 2275 1788 2310 mala:
1814 2273 1866 2308 Ita

401 2325 600 2363 Franciscus
617 2325 854 2362 Prosessionem
873 2325 979 2361 emisit
997 2354 1004 2360 .
1448 2358 1454 2363 .

354 2371 474 2411 Einissi
490 2371 694 2408 Profeffione
709 2400 716 2411 ‚
746 2374 893 2407 alienum
908 2373 1054 2408 animum
1069 2371 1160 2407 suum
1183 2371 1224 2405 ab
1249 2370 1311 2408 illo
1326 2371 1409 2408 vitae
1424 2383 1544 2417 genere
1559 2373 1666 2417 palam
1682 2369 1766 2407 fecit
1782 2395 1792 2407 ‚
1818 2370 1867 2401 le-

398 2431 455 2463 ges
470 2446 478 2457 ,
504 2423 535 2452 ἃ
555 2420 704 2454 instituta
719 2421 862 2455 Ordinis
886 2431 1056 2465 nunquam
1071 2418 1252 2457 servabat,
1286 2430 1458 2465 correptus
1474 2445 1482 2457 ,
1508 2421 1541 2454 8(
1562 2418 1710 2454 monitus
1734 2429 1752 2450 a
1776 2414 1867 2449 Prte-

401 2466 493 2499 fessis
507 2468 537 2499 se
554 2466 760 2512 Regularem
779 2480 845 2503 non
861 2467 925 2502 effe
942 2466 1106 2511 respondit
1126 2493 1133 2500 .
1155 2464 1313 2499 Tandem
1339 2466 1504 2503 defuncto
1518 2468 1614 2501 Patre
1628 2493 1637 2505 ‚
1667 2474 1768 2509 quem
1793 2461 1866 2496 sero

402 2512 501 2545 nimis
515 2514 551 2545 de
568 2525 600 2546 vi
614 2541 622 2552 ,
649 2524 809 2559 metuque
829 2513 1020 2549 filioillatis
1042 2511 1199 2558 penituit
1218 2539 1227 2551 ‚
1255 2512 1482 2560 defuncloque
1499 2515 1603 2549 etiam
1615 2513 1717 2547 fratre
1732 2510 1864 2558 Primo-

402 2558 519 2602 genito
531 2583 539 2595 .
567 2558 597 2591 P.
618 2560 708 2595 Elias
725 2588 733 2599 ,
760 2564 906 2596 nondum
918 2560 1030 2605 elapso
1045 2560 1278 2606 quinquennio
1297 2586 1305 2599 ,
1320 2573 1434 2606 preces
1453 2563 1580 2599 obtulit
1597 2557 1753 2594 adversus
1769 2556 1865 2590 6111ῐῖ-

403 2604 471 2639 sam
486 2604 715 2642 Proseilionem
728 2609 947 2645 Sacratiilimo
963 2608 1109 2649 Principi
1135 2605 1245 2641 nostro
1260 2634 1268 2646 ,
1297 2609 1353 2653 qui
1368 2608 1500 2645 causam
1513 2604 1666 2654 cognosci
1694 2604 1804 2638 voluit
1824 2605 1864 2636 ab

405 2651 566 2700 Episcopo
582 2652 779 2687 Placentino
794 2681 801 2690 ,
828 2657 857 2689 δι
874 2655 1052 2691 Superiori:
1074 2654 1214 2688 Oru’nis
1231 2678 1240 2686 .
1267 2655 1315 2688 Hi
1334 2656 1597 2699 pronunciarunt
1615 2652 1743 2686 nullam
1767 2649 1866 2685 esse„-

404 2698 635 2735 Proleffionein
659 2712 676 2732 a
702 2700 735 2734 P.
756 2701 823 2735 filia
842 2701 991 2735 emissam
1005 2726 1014 2735 .
1041 2700 1244 2744 Appellavit
1258 2704 1296 2734 ad
1314 2703 1379 2736 hoc
1393 2703 1530 2737 sacrum
1545 2699 1717 2735 Tribunal
1734 2699 1865 2740 Defen-

399 2748 454 2788 sor
482 2746 716 2792 Profiffvnis.
741 2746 854 2786 Causa
876 2759 964 2784 nunc
995 2748 1214 2796 proponitur:
1240 2751 1388 2795 quinque
1416 2749 1532 2785 Testes
1560 2748 1605 2783 ad
1630 2744 1864 2795 probandam-⁴

1728 2803 1801 2827 vim
1815 2816 1826 2829 ,
