1945 3028
1557 104 1597 135 41

76 120 127 156 An
147 122 193 164 fit
207 120 365 162 stas-musra
382 150 393 165 ‚
419 123 481 160 vel
503 125 721 162 recedendum
744 139 764 162 a
795 130 921 174 Decifis
948 136 982 167 in
1011 134 1089 178 cafit
1114 139 1192 174 &a

214 216 276 268 In
300 195 488 269 decisis
511 258 524 281 ‚
560 225 609 273 δε
633 221 868 290 amplius
886 267 897 278 .

167 317 326 354 OMENJ.
354 318 696 357 FUNCTIONUM
713 336 722 355 :
740 323 1006 372 SeptemCapita
1020 328 1193 375 disputata
1212 334 1355 370 fuerunt
1370 336 1405 371 in
1422 336 1585 375 hacCau·

72 316 150 400 C
178 365 209 400 sa
227 392 236 406 ,
253 377 324 411 quae
338 367 414 400 data
435 365 498 401 fuit
518 367 554 401 in
571 368 663 403 Folio
683 375 827 417 Congoeg
839 376 958 408 ationis
974 375 1100 413 habire
1113 382 1168 418 die
1181 393 1235 423 17.
1251 383 1439 428 superioris
1454 385 1583 421 Mensis
1614 377 1667 407 55.
1681 378 1820 419 Ζ4νῑ-ῑ3ι

116 415 207 448 Maii
221 440 228 448 .
255 412 407 448 Primum
421 411 485 448 fuit
498 439 522 454 ‚,
548 415 608 449 An
634 414 669 449 in
683 415 777 451 Festo
793 418 947 455 Titulari
959 422 1115 461 Ecclestae
1130 455 1139 466 ,
1164 430 1204 464 de
1218 442 1283 476 qua
1298 431 1411 476 agitur
1425 457 1434 470 ‚
1459 433 1580 469 aliisue
1610 424 1649 460 dc
1679 425 1741 467 ref·

116 485 139 500 „
168 459 271 496 Festis
285 487 294 498 ,
317 457 424 495 Miffx
440 460 621 495 decantari
636 464 777 500 valeant
795 468 1095 514 independentera
1110 475 1263 514 Parocho
1278 477 1320 513 ll.
1341 480 1396 513 An
1415 478 1502 516 Ven.
1521 481 1579 516 Sa-

115 532 140 545 „
165 516 375 543 cramentum
401 509 525 553 exponi
553 509 650 553 poffit
673 511 708 545 in
738 513 823 548 dicta
839 515 1011 557 Ecclesia,
1035 518 1104 555 sola
1134 524 1314 571 impetrata
1336 526 1480 562 licentia
1491 527 1577 572 Epi-

116 578 139 593 „
165 555 255 600 scopi
276 581 285 593 ‚
307 556 338 589 8<
355 555 622 600 independenter
637 560 677 592 ab
690 559 809 596 eodem
826 561 1005 600 parocho!
1033 565 1095 603 lll.
1119 572 1176 606 An
1202 574 1235 607 in
1251 572 1443 618 supradieta
1458 576 1575 610 Eccle-

115 626 139 642 „
164 600 208 635 fia
231 613 288 646 per
313 603 508 638 Sacerdotes
533 604 574 637 ab
598 606 783 642 Ordinario
799 611 1001 653 approbatos
1020 616 1134 662 excipi
1160 620 1298 655 valeant
1323 633 1573 668 quocumque)

113 645 138 688 ,*‚
163 658 312 694 tempore
325 651 589 686 sacramentales
605 651 776 690 Fidelium
794 656 1026 694 Confciliones
1041 662 1310 710 independenter
1330 680 1347 702 a
1374 668 1468 703 dicto
1494 670 1570 705 Pa-

111 720 137 737 „
161 696 290 731 rocho.Z
319 695 380 731 IV.
408 699 465 733 An
481 699 745 742 independenter
760 703 945 740 aParocho
966 717 1063 744 extra
1088 721 1218 758 teinpus
1238 713 1378 751 Pascale
1408 717 1560 752 admini-

111 768 134 783 „
161 743 258 778 strari
284 743 379 789 poliit
403 745 439 779 in
465 747 577 780 eadem
590 744 742 783 Ecclesia
770 751 1086 793 VenAEucharistiae
1110 759 1402 798 Sacramentum.z
1430 763 1476 798 V.
1510 766 1567 800 An

109 815 133 831 ,‚
161 790 285 825 ibidem
307 792 346 825 de
365 791 506 828 licentia
532 792 720 839 Episcopi,
747 797 777 832 &
807 798 1073 846 independenter
1093 819 1111 842 a
1129 808 1284 844 Paroeho
1311 811 1424 845 haberi
1451 812 1572 857 pessint

108 862 133 878 ,‚
162 838 371 884 Panegiricae
384 839 612 875 Conciones.z
642 842 702 877 VI.
720 846 779 879 An
799 848 1038 886 Anniversaria
1054 879 1063 894 ,
1093 855 1123 889 δι
1148 855 1275 892 Officia
1302 870 1361 903 pro
1389 858 1571 894 Defunctis

109 910 138 926 ‚,
162 885 203 918 ad
228 884 367 920 libitum
393 887 554 923 celebrari
578 890 718 925 valeant
747 892 1052 939 independentera
1072 900 1229 939 Parocho
1246 904 1280 938 in
1306 906 1422 940 eadem
1449 906 1573 943 Eccle-

111 957 136 974 „
162 930 233 966 fia.²
264 933 342 969 Vll.
371 935 426 969 An
441 960 452 973 ‚
476 936 506 969 &
523 935 576 970 cui
596 947 768 980 competat
789 940 841 981 jus
857 946 1042 989 peragendi
1060 947 1233 996 Exequias
1250 978 1259 992 ,
1285 953 1316 987 ἐι
1335 952 1498 989 Officium
1516 954 1573 989 su-

110 1004 134 1019 „
159 980 261 1014 nebre
288 980 383 1024 super
414 981 678 1025 cadaveribus,
703 998 776 1032 quae
803 991 1019 1028 tumulantur
1042 998 1077 1030 in
1091 995 1254 1043 Sepulcro
1268 998 1364 1034 dictae
1384 1000 1536 1038 Ecclefiae
1557 1000 1573 1036 3

109 1025 300 1073 Respondit
316 1028 452 1064 Sacrum
475 1029 665 1066 [tibunalt
692 1036 752 1068 ,Ad
764 1039 788 1070 I.
808 1040 1015 1083 'Negati‘cet
1039 1046 1099 1077 Ad
1119 1050 1158 1079 II.
1180 1046 1419 1089 Affirmative:
1441 1054 1499 1084 .Λᾶ
1514 1054 1572 1085 III.

113 1075 320 1119 ‘Negativez
348 1079 407 1111 ‚Ad
423 1082 479 1112 IV.
498 1080 680 1124 'Negative
699 1088 829 1126 praeter
844 1096 945 1129 quam
967 1090 1001 1122 in
1014 1091 1091 1123 [ιιῗιι
1112 1091 1358 1131 Celebratimis
1376 1096 1574 1140 Mtffizrume

109 1122 172 1154 Ad
191 1126 229 1157 V,
251 1148 261 1162 ,
284 1126 328 1159 &⁸
355 1128 410 1159 VI.
437 1124 687 1168 Affirmative:
711 1131 771 1162 ,Ad
796 1135 868 1164 VII.
898 1143 1088 1180 competere
1119 1141 1276 1177 ‘Parocho
1307 1164 1318 1175 .
1344 1143 1382 1176 In
1413 1153 1574 1178 novam...

106 1176 196 1201 nunc
221 1169 336 1206 omnia
367 1170 437 1205 haec
452 1170 600 1216 Capita,
623 1173 655 1206 &
681 1184 797 1210 eorum
827 1176 1047 1215 definitiones
1062 1194 1270 1223 revocantur
1282 1187 1574 1235 disputationem,

106 1213 252 1261 ideoque
274 1217 523 1263 expediendum
547 1218 592 1253 est
609 1219 764 1256 Dubium
783 1250 792 1258 .

59 1262 120 1297 'Aa
139 1260 185 1304 fit
200 1264 358 1306 st..·ndum
375 1289 386 1303 ‚
408 1266 469 1302 vel
494 1269 712 1305 recedendum
737 1282 757 1304 a
775 1272 900 1315 Dectfis
929 1277 1053 1325 iacnfie
1085 1284 1160 1318 ὠς.

198 1342 387 1397 Dilata.
406 1384 418 1397 .

171 1460 504 1500 EAPOLITANA
532 1465 923 1510 RESTITUTIONIS
951 1475 1004 1512 IN
1032 1478 1329 1518 INTEGRUM:
1356 1483 1504 1520 Duabus
1519 1496 1572 1521 ra-

179 1507 331 1544 tionibus
346 1511 416 1546 Pat.
435 1510 586 1558 Raphael
602 1528 620 1550 a
644 1517 675 1550 S.
692 1517 836 1564 Josepho
849 1522 1009 1560 Clericus
1026 1525 1210 1574 Regularis
1229 1529 1419 1576 pauperum
1446 1531 1571 1568 Matris
1598 1518 1794 1563 35·²5·⁶‘¹5‘

101 1552 175 1588 Dei
198 1554 398 1592 Scholarum
419 1558 556 1597 Piarum
581 1563 618 1597 in
647 1564 825 1611 integrum
852 1570 979 1606 restitui
1005 1575 1164 1621 postulat
1192 1577 1355 1615 adversus
1372 1579 1569 1627 quinquen-
1598 1568 1636 1603 ‘¹¹⁶
1660 1567 1726 1609 ref·

101 1600 199 1638 nium
225 1615 242 1638 a
271 1603 478 1641 Prosessione
502 1608 617 1646 emiss'a
631 1623 719 1646 anno
734 1623 833 1660 1739.
847 1615 882 1651 in
900 1618 1107 1658 Monasterio
1131 1622 1329 1661 Beatiffimae
1350 1626 1503 1672 Virginis
1522 1628 1568 1662 de

100 1646 322 1697 Caravaggio
340 1652 532 1698 Neapolis.
562 1661 683 1694 'Prima
696 1659 768 1701 est,
793 1663 972 1708 quodcum
998 1668 1067 1712 ipse
1093 1681 1264 1717 perpetuo
1280 1700 1289 1713 ‚
1316 1683 1420 1720 atque
1436 1674 1565 1710 insana·

98 1693 165 1729 bili
190 1699 337 1739 m01b0‚
361 1702 518 1750 vitioque
532 1704 704 1741 laboraret
718 1718 835 1744 contra
851 1711 993 1750 Ordinis
1007 1715 1306 1761 constitutiones,
1333 1722 1449 1757 addito
1460 1723 1565 1758 etiam

98 1743 281 1793 periurio,
312 1746 554 1787 Professionem
570 1753 746 1795 emiserit,
771 1768 844 1804 qus:
857 1761 899 1797 ob
921 1761 956 1796 id
973 1764 1063 1797 nulla
1079 1764 1119 1800 fit
1144 1765 1275 1804 defectu
1303 1769 1481 1806 consensus
1495 1770 1564 1805 Or-

98 1789 188 1825 dinis
200 1818 209 1831 ,
233 1805 332 1839 quem
349 1796 476 1833 latebat
489 1799 616 1836 vitium
630 1813 827 1849 perpetuum
837 1807 982 1848 ejusdem
999 1838 1006 1846 .
1036 1813 1091 1846 Ad
1114 1814 1239 1850 vitium
1253 1817 1316 1851 hoc
1331 1817 1418 1863 quod
1431 1818 1561 1852 attinet

95 1847 136 1869 ex
155 1838 394 1885 Medicorum,
419 1846 478 1889 qui
500 1859 602 1892 opem
628 1851 683 1890 ei,
710 1854 948 1901 auxiliumque
973 1859 1199 1902 praestiterunt
1215 1887 1224 1900 ‚
1254 1865 1472 1910 aliorumque
1498 1864 1563 1898 se<

95 1882 219 1924 stium,
250 1888 411 1935 ipsiusque
427 1893 500 1928 Pat.
515 1893 702 1939 Raphaelis
717 1898 958 1935 testificatione
973 1903 1102 1939 constat
1119 1918 1219 1946 eum,
1244 1920 1323 1943 cum
1350 1912 1407 1944 vix
1433 1910 1557 1957 pube-

95 1927 227 1972 sceret,
253 1935 435 1974 studiorum
449 1941 547 1976 causa
572 1943 609 1976 in
633 1943 827 1989 nephryfim
842 1947 1024 1988 incidisse,
1049 1951 1235 1997 colicisque
1259 1955 1442 1992 doloribus
1467 1957 1552 1992 affe-

94 1979 183 2014 &um
196 2006 205 2015 .
231 1981 359 2018 Ulcere
375 1985 452 2021 inde
474 1997 594 2023 exorto
608 1990 643 2024 in
659 1992 759 2024 duan
781 1993 957 2033 armasio,
987 1996 1044 2042 qui
1063 1996 1156 2033 sensu
1170 2003 1334 2047 praeditus
1347 2003 1394 2038 est
1408 2003 1558 2049 exquifi-

95 2025 239 2068 ssffimo,
264 2032 435 2067 doloribus
455 2036 685 2070 excruciatum
710 2034 804 2071 fuisse
827 2040 1045 2078 acerbiliimis
1062 2070 1070 2083 ‚
1096 2047 1175 2080 dum
1199 2049 1336 2085 urinam
1354 2051 1555 2092 emitteret,

97 2071 225 2110 dolores
247 2087 394 2124 augente
415 2079 641 2118 irritamento
666 2083 785 2119 salium
812 2087 918 2123 urinae
946 2116 957 2129 ‚
982 2092 1110 2137 quibus
1134 2093 1232 2131 ulcus
1269 2098 1525 2134 recrudescebat
1549 2127 1562 2139 .

99 2119 204 2165 Opem
226 2125 362 2169 quidem
389 2128 493 2169 tulit,
519 2142 620 2176 quarn
644 2133 756 2177 potuit
779 2144 830 2168 ars
856 2136 1009 2178 medica,
1034 2140 1166 2176 causam
1181 2145 1292 2179 morbi
1317 2145 1437 2181 tollere
1461 2159 1562 2184 non-

99 2166 229 2216 saluit,
255 2173 371 2210 levare
398 2183 532 2212 tantum
558 2179 670 2223 potuit
687 2207 695 2220 ‚
720 2180 752 2214 &
778 2181 885 2217 lenire
899 2183 1060 2221 dolores:
1086 2189 1150 2223 hoc
1163 2189 1248 2227 statu
1270 2193 1311 2228 de
1338 2193 1562 2241 ingrediendo

98 2223 136 2247 in
154 2213 397 2257 Monasterium
413 2222 777 2272 Raphaelcogitavit,
802 2231 1017 2278 receptusque
1042 2235 1164 2271 vitium
1176 2240 1375 2276 occultaere
1399 2245 1560 2281 curavit,

97 2269 141 2293 ne
162 2263 362 2309 eicieretuffi
388 2271 590 2309 vetantibus
617 2274 759 2310 Ordinis
787 2275 1107 2318 constitutionibus
1124 2311 1134 2324 ‚
1162 2296 1204 2320 ne
1229 2289 1440 2335 accipiantur
1460 2316 1471 2329 ,
1497 2290 1558 2337 qui

95 2308 214 2359 morbo
230 2315 417 2364 &vitioque
439 2330 603 2366 perpetuo
628 2322 787 2358 laborant
804 2351 811 2359 .
838 2327 1070 2365 Praetermiffis
1097 2331 1211 2381 itaque
1227 2339 1262 2370 in
1276 2348 1366 2371 anno
1383 2338 1560 2382 probatio-

94 2365 148 2389 ms
171 2359 445 2405 medicamentis,
470 2366 594 2404 faCtum
621 2369 690 2409 est,
715 2379 752 2406 ut
776 2373 857 2408 vitii
872 2375 969 2411 illius
992 2377 1045 2413 vis
1063 2384 1263 2418 excreverit
1280 2410 1290 2424 ,
1311 2385 1344 2419 8<
1360 2383 1431 2430 post
1456 2382 1558 2418 emis-

94 2399 164 2438 sam
179 2403 421 2454 ,Profeffionem
435 2414 561 2452 vitium
584 2416 691 2455 illud,
717 2430 785 2464 quo
811 2420 1047 2466 afficiebatur,
1075 2426 1182 2464 latere
1209 2431 1362 2478 amplius
1386 2443 1458 2467 non
1483 2443 1551 2476 po-

93 2458 228 2490 tuertis
256 2454 354 2492 Nihil
375 2460 559 2499 omiserunt
574 2490 585 2504 ,
610 2464 642 2498 8<
659 2465 777 2506 Ordo,
803 2468 836 2503 δι
851 2469 1128 2518 Consanguinei‚
1156 2486 1194 2511 ut
1219 2477 1450 2513 valitudinem
1465 2478 1557 2513 reci-

93 2509 212 2543 perem
243 2499 361 2540 frustra
383 2515 516 2549 tamem
541 2512 574 2546 &
596 2512 844 2554 medicamina,
872 2517 903 2551 &t
920 2519 1014 2555 Coeli
1039 2524 1185 2559 mutatio
1199 2525 1323 2561 vitium
1346 2525 1462 2561 sanare
1485 2537 1556 2564 non

93 2552 300 2588 potuerunt:
328 2551 455 2590 distulit
481 2558 677 2595 nullitate-m
704 2560 767 2597 sua:
795 2562 1014 2601 Professionis
1025 2580 1216 2617 proponere
1232 2597 1241 2611 ,
1264 2572 1320 2619 spe
1335 2571 1471 2620 semper
1487 2574 1552 2608 de-

91 2599 203 2644 tentus
223 2600 457 2648 recuperanda:
482 2604 598 2641 salutis
624 2620 631 2640 :
657 2619 749 2643 nunc
774 2612 891 2656 agnita
915 2614 1102 2653 inutilitate
1127 2618 1226 2660 hujus
1251 2618 1319 2668 spei
1348 2647 1358 2660 ‚
1398 2624 1429 2656 ὁ(
1461 2621 1556 2666 quod

89 2649 185 2673 oneri
209 2640 245 2675 fit
261 2643 384 2694 ordini
404 2673 414 2686 ‚
443 2648 736 2700 monasterioque,
760 2670 840 2693 cum
855 2659 988 2706 ineptus
1014 2661 1054 2697 fit
1070 2666 1274 2702 Muneribus
1295 2668 1516 2716 suscipiendis
1540 2695 1552 2708 .

86 2685 232 2730 postulat
258 2700 293 2725 m
319 2691 488 2741 [ntegrum
504 2698 636 2735 restitui
658 2714 669 2739 ς
694 2704 724 2737 δι
746 2714 781 2740 ut
799 2707 934 2743 facilius
958 2711 1022 2746 hoc
1047 2711 1230 2759 impetrare
1256 2717 1375 2762 potiit,
1404 2717 1556 2751 alteram

82 2735 257 2819 proponitT
270 2739 443 2825 ratssnVeln}
463 2744 646 2795 intercepti
661 2751 741 2787 anni
753 2754 975 2801 probationis
991 2785 1003 2799 ‚
1019 2771 1104 2842 {um
1131 2773 1174 2799 eo
1195 2773 1286 2801 anno
1302 2764 1356 2802 bis
1380 2762 1558 2814 Monaste-

254 2797 318 2822 om.
354 2796 360 2801 '
442 2817 451 2828 .
1462 2820 1514 2846 rte
