1977 3028
1518 126 1562 160 SS

74 173 139 210 per
150 169 262 197 autem
285 159 355 197 sese
373 160 506 196 iterum
526 160 565 196 ad
581 160 646 196 hoc
661 159 797 197 Sacrum
811 155 987 195 'tribunal
1008 158 1184 197 convertit
1200 159 1314 197 nullas
1326 160 1391 198 effe
1405 161 1561 201 censuras
1607 170 1609 172 ·

81 209 289 244 contendens
303 222 310 241 .·
337 220 410 254 quae
424 208 465 243 ab
477 219 518 243 eo
533 217 788 255 proponuntur,
810 215 849 243 ut
863 218 920 244 eas
933 206 1047 242 nullas
1069 208 1190 253 probet
1202 235 1213 249 ,
1240 222 1381 257 quaeque
1401 221 1526 247 contra
1537 222 1558 247 a

81 257 284 291 Promotore
296 254 420 292 F-iscali
434 283 446 296 ,
467 266 506 291 ut
522 267 578 291 eas
598 255 782 291 substineat
797 282 808 296 ,
833 254 974 299 longum
989 253 1071 289 esset
1089 255 1213 291 referre
1227 256 1263 291 in
1287 257 1378 294 facto
1391 264 1462 294 t‘am
1477 260 1556 295 lon-

75 316 121 349 go
136 330 146 343 ,
169 304 286 350 legent
299 315 337 339 ea
354 302 616 339 Eminentiffimi
636 304 751 339 Patres
767 304 800 337 in
816 301 946 337 libellis
960 328 970 342 ‚
992 302 1024 337 δι
1040 301 1222 339 secundum
1246 315 1286 339 ea
1303 331 1313 345 ,
1335 317 1407 352 quae
1426 317 1554 354 propo-

76 360 226 390 nuntur,
255 354 351 393 duo,
376 363 451 398 quae
465 349 687 394 subjicimus,
713 350 835 386 Dubia
861 346 1050 386 definient.

30 399 61 436 Ι.
87 405 252 447 ,Ληραηισ
266 403 473 436 comminatae
492 401 718 446 inpraeceptis
734 397 981 446 expeditissub
995 397 1116 434 diebus
1134 406 1191 433 22.
1204 400 1313 444 ΕῘίιηίἰ
1323 425 1334 438 ,
1360 404 1404 437 &
1415 411 1466 442 ις.
1478 403 1553 445 ‘Ju—

217 448 263 483 lii
286 457 385 494 1750.
404 459 425 481 a
453 447 553 496 curia
579 447 770 495 ,Episcopali
794 446 926 494 Spoleti
944 444 1199 490 fitbstineantur
1224 450 1259 483 in
1284 447 1362 492 casu
1390 451 1464 485 (φτ.
1480 472 1490 487 ,
1516 449 1551 483 ὁ(

214 502 381 541 quatenus
395 493 598 530 affirmative
610 520 620 530 .

28 542 78 580 11.
103 542 215 587 «Infit
226 545 321 580 locus
346 542 556 587 absolutioni
575 543 612 578 in
629 543 706 588 cafit
723 545 800 580 &a

126 638 184 674 Ad
209 637 238 677 1.
264 639 509 679 Affirmative‚
533 637 566 674 δι
593 636 764 684 amplius.
789 635 848 673 Ad
860 635 908 673 Π.
933 636 1056 674 Pareat
1068 638 1257 687 Episcopo,
1279 637 1311 674 &
1340 635 1472 674 refectis
1487 649 1546 676 ex-

78 685 188 734 penfis
199 686 344 724 arbitrio
358 685 515 734 Episcopi
530 711 541 729 ,
564 685 597 721 ὅ(
611 685 757 732 amplitxs
768 710 778 721 .

24 784 83 865 S
95 781 369 818 POLETANA
392 780 750 818 MATRIMONII:
777 781 864 817 Haec
876 781 986 817 Causa
999 793 1142 828 germen
1154 785 1200 820 est
1214 781 1336 821 Causae
1355 781 1546 827 praeceden-

109 830 173 866 tis.
198 829 375 876 Postquam
388 829 554 865 Plebanus
571 829 770 865 Franciscus
795 828 991 864 Floruccius
1012 840 1055 864 ex
1074 831 1242 880 rescripto
1265 858 1275 872 ‚
1300 828 1546 876 decretisque,

74 876 274 913 Tribunalis
286 877 468 922 Signaturae
485 876 624 918 Justitiae
640 876 842 912 exercitium
857 877 1010 912 obtinuit
1023 889 1109 913 curae
1122 880 1316 915 animarum
1332 876 1368 911 in
1395 875 1546 911 Ecclesia

74 925 185 959 Sancti
199 923 434 959 Bartholomaei
445 950 456 964 ,
479 923 635 971 pertaesus
651 923 881 959 molestiarum
897 921 1114 960 Tuturanum
1128 952 1138 965 ,
1167 926 1234 964 sive
1248 924 1448 960 Tudianu'm
1463 923 1547 958 reli-

73 971 173 1017 quit,
192 972 230 1007 -&
243 972 336 1008 vices
349 969 606 1006 suas‘commisit
621 970 721 1006 alteri
738 970 910 1005 Sacerdoti
932 998 941 1011 ,
967 983 1078 1007 coram
1092 984 1161 1019 quo
1179 970 1445 1013 Matrimonium
1460 981 1545 1005 con-

72 1027 251 1054 traxerunt
263 1016 421 1054 silvester
435 1017 595 1055 Salustrus
609 1042 620 1056 ‚
637 1018 671 1053 8(
687 1018 826 1053 Martha
837 1018 984 1054 Ansuini
1003 1046 1011 1054 .
1042 1019 1234 1056 Dubitatio
1253 1021 1306 1055 his
1323 1017 1546 1064 Coniugibus

71 1066 196 1110 injecta
220 1065 287 1101 fuit
300 1065 340 1100 dc
363 1064 545 1101 validitate
567 1064 668 1106 hujus
697 1065 928 1104 matrimonii,
955 1068 1044 1112 quod
1069 1069 1275 1102 contractum
1301 1063 1413 1101 fuisset
1431 1076 1546 1100 coram

71 1112 258 1148 Sacerdote
280 1124 299 1147 a
319 1112 474 1148 parocho
499 1112 664 1158 delegato
686 1113 726 1146 ad
746 1122 864 1147 curam
887 1111 1076 1147 animarum
1097 1138 1105 1147 .
1138 1111 1329 1149 Consultus
1356 1112 1547 1158 Episcopus

71 1159 246 1207 respondit
264 1159 522 1196 matrimonium
542 1158 693 1195 validum
706 1157 770 1194 effe
785 1186 792 1194 .
819 1159 1046 1194 Contrarium
1060 1169 1174 1196 tamen
1199 1162 1308 1196 visum
1319 1159 1366 1194 est
1385 1158 1548 1195 Theolo-

72 1207 126 1254 gis
140 1208 344 1255 quibusdam
357 1230 367 1246 ‚
390 1207 481 1244 itaut
496 1206 669 1254 Coniuges
683 1205 853 1253 postulent
866 1217 955 1242 nunc
969 1208 1010 1241 ab
1031 1208 1255 1254 Ampliffimis
1269 1205 1426 1243 Patribus
1443 1205 1548 1242 diffo-

72 1254 244 1290 lationem
259 1254 440 1290 dubietatis
455 1282 464 1296 ,
492 1255 527 1290 in
543 1266 609 1300 qua
625 1253 683 1297 ipsi
697 1252 870 1289 versantur
882 1278 891 1288 .
917 1253 1023 1290 Ratio
1036 1265 1150 1290 autem
1163 1255 1338 1291 dubitandi
1352 1254 1391 1288 de
1415 1253 1548 1289 validi-

72 1311 146 1337 tate
158 1302 376 1339 Matrimonii
394 1302 439 1338 est
452 1303 490 1338 in
504 1300 718 1347 regulajuris
735 1327 745 1342 ,
770 1312 844 1346 quae
864 1301 943 1337 vult
959 1301 1171 1352 Qelegatum
1187 1316 1252 1338 non
1271 1301 1361 1348 posse
1389 1298 1549 1336 subdele-

70 1361 177 1396 gare,
201 1350 234 1385 &
258 1349 358 1385 alteri
385 1349 601 1385 committere
623 1377 634 1391 ‚
671 1349 705 1384 &
731 1350 887 1384 mandare
913 1348 1185 1391 Junsdictxonem
1205 1354 1401 1386 mandatam
1425 1373 1436 1388 ,
1463 1349 1494 1382 &
1522 1347 1548 1384 fi

70 1397 178 1432 alium
187 1396 321 1444 deleget
338 1421 349 1436 ,
373 1397 463 1432 nihil
478 1407 578 1444 agere
592 1423 602 1437 ,
623 1405 663 1432 ut
675 1396 722 1430 est
743 1398 778 1432 in
792 1397 859 1443 leg,
868 1395 927 1437 fin.
940 1397 979 1442 ff.
999 1399 1037 1432 de
1051 1398 1131 1442 offic.
1146 1398 1222 1444 ejus
1240 1401 1298 1433 cui
1324 1398 1476 1433 mandat.
1502 1396 1547 1447 ι’[ξ

64 1444 190 1490 jurifd.
207 1445 276 1491 leg.
288 1457 308 1478 a
322 1443 451 1488 &adice
477 1447 549 1481 Cod.
562 1446 602 1491 de
615 1445 735 1489 7udic.
749 1469 759 1483 ‚
783 1443 813 1478 &
832 1444 913 1478 licet
929 1443 1007 1480 huic
1024 1446 1149 1490 regulae
1177 1445 1274 1480 locus
1299 1455 1366 1479 non
1392 1443 1431 1478 sit
1447 1470 1458 1485 ‚
1484 1444 1547 1479 ubl

66 1492 145 1538 quis
158 1492 350 1538 Delegatus
375 1491 479 1528 fuerit
494 1503 513 1527 a
537 1490 693 1537 Principe
709 1516 720 1530 ‚
743 1499 781 1526 ut
796 1491 831 1526 in
847 1500 920 1538 cap.
941 1491 1002 1532 fin.
1028 1496 1067 1528 de
1094 1494 1170 1537 offic.
1196 1493 1448 1539 delcg.zt,-cap.
1471 1503 1549 1526 cum

69 1540 205 1583 causam
219 1540 257 1574 de
273 1540 438 1587 appellat.
457 1565 468 1580 ,
487 1539 544 1574 vel
558 1540 617 1574 ubi
632 1539 787 1584 delegata
800 1537 865 1573 fuit
880 1538 1083 1575 universitas
1099 1540 1270 1575 causarum
1287 1566 1297 1578 ,
1321 1537 1547 1574 dubitandum

69 1595 183 1620 tamen
196 1584 259 1621 ess'e
274 1587 309 1621 in
333 1585 412 1622 casu
437 1587 549 1622 nostro
564 1613 574 1626 ‚
599 1586 681 1633 quia
703 1585 876 1622 Sacerdoti
903 1586 1083 1623 Floruccm
1099 1587 1255 1633 delegata
1273 1598 1340 1621 non
1362 1585 1430 1620 fuit
1446 1596 1464 1618 a
1489 1584 1547 1618 Si-

68 1641 214 1680 gnatum
227 1633 365 1675 Justitiae
375 1659 386 1673 ,
409 1634 558 1670 decretis
572 1660 582 1675 ,
595 1645 667 1680 quae
685 1637 719 1672 in
733 1633 843 1669 Causa
858 1634 1066 1679 praecedenti
1079 1634 1142 1669 hac
1154 1635 1288 1670 ratione
1301 1633 1437 1679 integre
1452 1631 1547 1667 dedi-

72 1691 149 1715 mus
167 1705 178 1720 ,
202 1681 360 1721 universa
371 1682 564 1723 Jurisdictio
578 1707 589 1720 ‚
613 1681 670 1717 sed
694 1680 895 1717 exercitium
910 1683 1088 1719 dumtaxat
1104 1680 1376 1722 jurisdictionis.

23 1726 176 1765 Videant
187 1738 300 1764 autern
317 1730 522 1776 Ampliffimi
537 1729 652 1764 Patres
664 1740 704 1764 ea
719 1756 727 1768 ‚
755 1739 820 1775 qua
842 1728 992 1774 praestant
1005 1755 1016 1769 ,
1041 1728 1114 1765 acie
1129 1729 1256 1764 mentis
1269 1755 1279 1769 ,
1303 1740 1345 1762 an
1364 1727 1436 1762 haec
1452 1737 1546 1772 quae—

38 1782 41 1784 '
70 1773 161 1814 stio,
185 1787 287 1823 quam
302 1785 486 1812 moverunt
514 1778 578 1817 hi,
603 1776 661 1822 qui
681 1776 858 1822 Theologi
887 1786 1082 1816 vocantur,
1109 1778 1148 1812 ad
1168 1787 1239 1813 rem
1264 1775 1410 1810 nostram
1433 1774 1547 1818 perti-

68 1832 151 1857 neat
166 1835 177 1861 ς
202 1822 263 1857 nisi
275 1823 366 1858 enirn
383 1823 540 1859 fallimur
551 1852 561 1865 ,
588 1823 785 1860 Floruccius
798 1834 864 1857 non
879 1822 925 1858 est
940 1824 1132 1871 Delegatus
1145 1836 1163 1858 a
1176 1825 1356 1869 Signatura
1370 1821 1518 1868 justitiae
1533 1847 1546 1860 ,

71 1868 131 1905 sed
147 1868 192 1904 est
210 1881 310 1906 verus
323 1871 491 1906 Plebanus
504 1897 513 1910 ‚
539 1871 593 1908 seu
621 1870 789 1906 parochus
813 1869 972 1913 probatus
989 1873 1031 1905 ab
1051 1870 1223 1917 Episcopo
1245 1871 1281 1903 in
1296 1868 1458 1903 concursu
1475 1893 1485 1906 ‚
1511 1867 1546 1901 ὅ(

70 1915 246 1954 institutus
265 1916 311 1952 ab
324 1917 593 1954 Eminentiffimo
606 1918 744 1952 Abbate
758 1916 1064 1952 Commendatario
1077 1941 1088 1955 ,
1113 1927 1220 1962 neque
1233 1916 1277 1951 de
1292 1916 1353 1950 hac
1373 1915 1546 1961 qualitate

71 1964 221 2001 Parochi
235 1964 440 2010 disputatum
458 1967 616 2001 hactenus
629 1964 694 2000 fuit
707 1987 716 1997 .
749 1963 903 2010 Qiaestio
915 1988 926 2002 ,
948 1976 1021 2010 quae
1035 1964 1152 2010 agitur
1167 1975 1246 1998 cum
1259 1962 1406 1998 Reum-e
1429 1961 1542 1997 Sancti

73 2008 314 2048 Bartholomaei
331 2039 342 2053 ,
367 2015 398 2050 &
416 2013 646 2050 Universitate
661 2039 672 2053 ,
698 2022 736 2048 ac
760 2010 896 2056 Populo
912 2010 1088 2048 Tuturani
1101 2036 1111 2050 ,
1133 2011 1181 2046 est
1194 2037 1204 2051 ‚
1231 2023 1270 2046 an
1297 2009 1450 2045 distincta
1466 2009 1545 2043 Ple-

71 2057 178 2095 bania
193 2070 212 2094 a
226 2058 396 2097 Beneficio
409 2087 422 2104 ‚
446 2059 514 2096 five
527 2061 710 2097 Rectoram
726 2058 880 2095 Ecclesiae
895 2059 1006 2094 Sancti
1033 2058 1270 2094 Bartholomaei
1298 2057 1394 2103 poffit
1423 2056 1543 2092 Fleba-

70 2114 137 2142 nus
159 2117 318 2144 exercere
335 2107 410 2150 jura
425 2133 437 2148 ‚
467 2109 500 2144 &
525 2107 718 2144 funfflones
744 2105 961 2142 parochiales
992 2107 1027 2142 in
1044 2106 1154 2142 aliena
1179 2105 1324 2141 Ecclesia
1340 2131 1349 2144 ,
1376 2105 1544 2154 &exem-

74 2161 137 2199 pta
152 2180 163 2194 ,
186 2155 299 2201 qualis
320 2156 385 2191 illa
409 2155 541 2193 dicitur
557 2155 667 2191 Sancti
691 2153 956 2190 Bartholomaei:
983 2154 1023 2189 de
1039 2154 1116 2190 loco
1136 2153 1274 2200 quaestio
1294 2161 1369 2188 erat
1382 2152 1469 2198 apud
1484 2151 1542 2185 Si—

73 2209 255 2247 gnaturam
276 2204 417 2245 justitiae
432 2229 443 2244 ,
468 2215 537 2239 non
550 2205 591 2238 de
604 2203 770 2248 qualitate
787 2201 928 2237 Parochi
947 2229 957 2243 ,
978 2213 1083 2250 quam
1098 2201 1293 2237 P'loruccius
1312 2199 1369 2235 fibi
1386 2197 1541 2250 quaesivit

75 2250 114 2282 :in
132 2252 324 2292 concursu,
350 2252 382 2287 &
399 2253 440 2287 ab
466 2251 681 2287 Institutione
705 2249 966 2286 Eminentiffimi
995 2250 1162 2285 Abbatis.
1186 2248 1324 2284 Placuit
1351 2246 1540 2281 Tribunalr

75 2295 269 2343 Signarurae
280 2299 467 2335 decernere
479 2323 504 2339 „
529 2311 588 2346 per
601 2300 733 2334 modum
750 2297 949 2344 provisionis
967 2323 978 2337 ,
1002 2298 1034 2332 &
1051 2296 1119 2332 fine
1145 2295 1348 2344 praejudicio
1374 2294 1541 2345 jurium-³

75 2369 100 2386 a,
124 2345 278 2380 Partium
299 2345 406 2383 licere
427 2347 606 2383 Floruccio
618 2345 847 2381 administrare
871 2345 1088 2381 Saciamenta
1114 2344 1150 2378 in
1161 2343 1310 2379 Ecclesia
1324 2341 1433 2377 Sancti
1449 2339 1541 2374 Bar-

74 2416 100 2432 „
127 2391 328 2434 tholomaei,
351 2395 522 2431 celebrare
535 2393 670 2430 Missam
685 2393 720 2428 in
736 2393 853 2427 eadem
869 2392 1017 2428 Ecclefia
1029 2417 1038 2430 ,
1062 2392 1178 2438 ibique
1191 2401 1352 2438 peragere
1366 2387 1543 2436 quascum-

37 2478 41 2480 ,
74 2465 100 2480 ,,
124 2451 189 2487 que
207 2438 406 2477 'functiones
422 2441 670 2478 Ecclesiasticas
694 2446 737 2478 (θ’
753 2439 792 2476 ob
819 2442 854 2475 id
871 2440 963 2486 juffit
974 2438 1166 2486 consignari
1187 2438 1301 2473 eidem
1327 2438 1441 2474 claves
1466 2442 1539 2468 tam

74 2511 99 2525 ³,
125 2487 289 2532 predictae
314 2488 468 2526 Ecclesia:
492 2492 591 2536 (luam
610 2488 741 2523 Ciborii
759 2485 909 2529 ejusdem
925 2513 948 2527 ,‚
972 2495 1009 2522 ut
1027 2488 1128 2522 latius
1153 2485 1370 2533 dignoscitur
1396 2494 1439 2517 ex
1464 2479 1542 2526 ipsis

76 2534 245 2575 decretis,
271 2548 344 2583 quae
369 2537 521 2572 dedimus
539 2539 576 2571 in
600 2536 699 2572 causa
724 2535 966 2573 antecedenti,
995 2534 1082 2569 itaut
1105 2543 1259 2579 apertum
1281 2532 1441 2568 videatur
1466 2537 1540 2563 non

75 2580 172 2616 futile
183 2583 376 2632 delegatam
389 2584 500 2619 eidem
526 2583 708 2619 Floruccio
720 2593 835 2618 curam
851 2581 1036 2617 animarum
1050 2608 1061 2621 ,
1085 2592 1153 2626 quo
1166 2579 1242 2616 casu
1261 2579 1315 2626 agi
1332 2576 1437 2624 posset
1451 2587 1542 2627 quac·

75 2628 141 2664 stio
160 2631 333 2678 propofita
349 2658 358 2672 ,
384 2630 435 2667 sed
451 2632 564 2666 datam
579 2632 686 2666 eidem
699 2629 795 2666 fuisse
817 2629 1016 2664 facultatem
1031 2626 1212 2663 exercendi
1228 2627 1323 2662 illam
1334 2636 1449 2661 curam
1463 2633 1540 2675 ani-

75 2690 206 2713 marum
223 2704 234 2718 ,
258 2692 359 2727 quam
373 2679 492 2715 habuit
509 2690 527 2712 a
547 2678 708 2714 concursu
722 2705 731 2718 ‚
755 2679 787 2713 &
805 2677 848 2711 ab
863 2675 1080 2711 Institutione
1094 2674 1350 2710 Eminentiffimi
1368 2673 1540 2720 Abbatis,

72 2738 216 2772 eamque
232 2727 275 2762 ad
291 2729 400 2765 aetum
415 2726 618 2774 perducendi
642 2726 678 2762 in
693 2726 773 2762 loco
791 2723 1008 2763 controverso
1025 2748 1035 2763 ‚
1059 2721 1193 2760 scilicet
1207 2724 1241 2759 in
1259 2720 1405 2759 Ecctefia
1426 2717 1539 2756 Sanffl

73 2773 317 2812 Bartholomaei
334 2803 344 2814 ,
1395 2814 1493 2853 Dum

1605 770 1691 814 Sess.
1710 778 1766 810 24.
1791 783 1822 805 c.
1841 781 1854 806 1

1582 818 1621 855 de
1632 817 1703 865 Refi
1718 823 1827 854 Matr.
