1978 3017
370 119 571 193 {sanciscus
584 152 805 191 Floruccius,
828 150 888 197 qui
907 138 1114 188 Flebaniam
1126 150 1278 186 obtinuit
1304 152 1351 187 ab
1376 150 1648 188 Eminentiffimo
1675 153 1816 189 Abbate
1827 167 1847 192 .-

372 205 404 238 &
417 200 651 249 posseliionem
668 225 677 238 ,
702 208 740 234 ut
753 199 855 233 moris
868 207 942 235 erat
958 225 968 239 ,
993 200 1109 234 nactus
1120 197 1166 233 est
1187 199 1222 232 in
1238 197 1387 234 Ecclesia
1404 198 1527 234 sanoae
1546 199 1669 235 Mariae
1684 226 1694 240 ‚
1721 211 1843 236 curam
1878 237 1881 238 ⁷

371 259 484 283 tamen
503 246 691 281 animarum
708 256 863 281 exercere
882 257 949 281 non
964 245 1080 290 potuit
1095 246 1130 280 in
1146 244 1291 281 Ecclesia
1304 245 1415 282 Sancti
1430 245 1673 282 Bartholomaei
1688 273 1699 287 ,
1724 249 1842 294 impe-

371 296 460 330 ditus
474 307 493 328 a
519 294 663 328 Reelore
684 292 835 328 Battalea
849 319 859 332 ,
881 294 939 339 qui
955 292 1046 328 fores
1062 291 1216 328 Ecclefiae
1229 293 1347 328 clausit
1361 321 1371 334 ,
1393 294 1427 327 Sc
1452 293 1518 329 sese
1533 292 1690 328 defendit
1716 294 1844 330 Moni-

370 342 470 377 torio
490 340 688 376 Tribunalis
703 341 746 375 A.
761 341 806 375 C.
817 340 952 376 Contra
967 340 1167 375 Floruccius
1196 340 1362 376 Flebanus
1379 338 1454 375 usus
1475 339 1522 376 est
1544 348 1717 387 praecepto
1745 342 1839 388 Epi-

371 388 466 434 scopi
484 388 661 434 Spoletani
673 414 683 428 ,
705 399 771 433 quo
793 389 935 424 vetabat
950 414 960 427 ‚
985 398 1026 421 ne
1051 386 1176 422 Rector
1193 386 1345 423 Battalea
1359 414 1383 428 ,‚
1408 387 1519 423 statim
1537 386 1614 422 vifis
1627 414 1636 427 ,
1666 386 1726 422 seu
1739 399 1838 425 rece-

372 461 398 477 ‚,
422 436 488 481 ptis
501 434 716 480 praesentibus
729 435 868 470 auderet
881 461 892 474 ‚
916 435 974 469 seu
989 433 1203 480 praesumeret
1223 435 1326 469 etiam
1342 434 1401 470 sub
1422 434 1525 469 titulo
1537 433 1693 470 Rectoris
1715 433 1838 469 Eccle-

374 510 397 524 „
420 485 472 518 siae
485 482 595 517 Sancti
612 481 853 517 Bartholomaei
868 481 1041 517 molestare
1058 481 1275 517 Franciscutn
1300 481 1459 516 Florucci
1474 481 1668 516 Parochum
1687 481 1836 522 ejusdem

371 557 397 571 „
423 531 511 565 Loci
525 530 621 574 super
634 529 742 563 libero
755 529 924 565 exercitio
939 529 1073 570 Jurium
1088 528 1345 564 parochialium
1357 555 1367 568 ,
1396 530 1588 563 retentione
1602 556 1612 569 ,
1626 529 1658 563 &
1688 527 1837 563 admini-

375 605 400 620 „
426 577 584 611 stratione
596 576 890 611 Sacramentorum
915 577 950 610 in
974 576 1062 610 dicta
1089 574 1234 612 Ecclesia
1259 577 1370 611 Sancti
1388 575 1626 611 Bartholomaei
1647 602 1657 616 ,
1685 575 1801 621 inqua
1818 586 1840 610 a
1887 616 1892 617 ⁷

375 651 401 666 ³,
426 623 580 668 pluribus
594 623 720 659 saeculis
747 624 814 665 jam
829 624 1080 663 retinebantur,
1105 622 1488 661 &administrabantur;
1518 635 1606 657 neve
1633 622 1775 658 auderet
1805 622 1839 657 se

373 699 399 713 2,
427 671 582 715 ingerere
600 672 635 704 in
647 670 937 706 administratione
959 671 1121 705 didtomrn
1136 670 1428 706 Sacramentorum
1449 669 1507 705 sub
1522 681 1622 715 poena
1651 667 1830 714 suspensio-

373 746 400 759 „‚
425 729 474 752 nis
492 730 509 751 a
523 716 665 752 Divinis
691 717 764 763 ipso
783 717 869 752 fat'lto
894 718 1102 752 incurrendae
1119 743 1142 757 „
1169 717 1275 752 Aliud
1299 728 1436 764 quoque
1458 727 1668 764 praeceptum
1687 716 1733 752 ab
1747 715 1835 763 Epi·

375 767 478 810 :scopo
494 765 608 799 datum
636 763 701 799 fui't
715 791 725 804 ‚
745 776 815 810 quo
840 765 1021 800 vetabatur
1037 763 1176 800 Retstori
1204 762 1363 799 ssattaleae
1378 791 1388 804 ‚
1412 778 1451 801 ne
1466 768 1609 800 auderet
1637 766 1836 800 Paroclmm

377 814 533 848 Florucci
560 812 735 852 molestare
755 813 858 859 fiaeper
880 812 990 848 libero
1005 812 1086 855 usu,
1103 810 1314 858 pacificaque
1335 811 1516 859 paffeſj'ione
1530 813 1646 846 domus
1673 814 1838 858 contigua

380 860 702 907 EcclefiaepraedicJae
728 860 842 894 Sancti
858 859 1096 894 Bartlmlomaei
1114 857 1176 901 fitb
1191 860 1299 904 poenis
1315 863 1392 894 &c-

333 909 527 950 Utrumque
542 908 604 941 hoc
619 915 827 953 praeceptum
842 905 1063 951 personaliter
1075 905 1196 951 exequi
1223 915 1293 939 non
1308 904 1420 949 potuit
1434 932 1443 944 ,
1469 905 1632 941 latitante
1647 915 1748 941 cauto
1763 905 1840 939 Re-

378 957 471 990 Ctore
485 952 663 991 Battalea;
688 952 902 988 moderatum
927 952 1060 987 interim
1077 950 1141 988 fuit
1155 953 1197 987 ab
1217 951 1320 987 AC.
1349 953 1580 989 Monitorium
1596 979 1607 992 ‚
1633 954 1667 987 Sc
1691 951 1843 1000 Episco-

378 1013 445 1050 pus
459 1028 468 1041 ‚
494 1012 573 1036 cum
589 1000 706 1035 Rector
719 999 870 1035 Battalea
885 1011 947 1035 nec
970 1001 1146 1046 praeceptis
1160 997 1317 1046 paruiffet
1333 1027 1341 1040 ‚
1367 1011 1427 1035 nec
1439 1012 1457 1035 a
1473 1000 1587 1036 Sacris
1611 998 1818 1036 abstinuisset
1838 1025 1847 1035 .

379 1060 458 1085 eum
471 1048 562 1083 intra
587 1047 737 1082 triduum
760 1047 794 1080 in
808 1047 858 1088 jus
878 1048 1014 1083 vocavit
1027 1050 1068 1081 ad
1082 1049 1260 1084 docendum
1281 1048 1316 1090 fe
1326 1048 1669 1095 paruijsepraeceptis
1685 1073 1696 1087 ,
1720 1053 1765 1085 &⁶
1784 1049 1847 1083 di-

379 1098 518 1133 cendum
534 1096 668 1138 causam
683 1106 788 1140 quare
814 1108 877 1130 non
903 1095 1039 1130 deberet
1057 1096 1229 1130 declarari
1248 1096 1400 1138 incursus
1420 1097 1454 1130 in
1474 1104 1590 1141 poeaas
1612 1097 1846 1130 comminatas

382 1148 416 1179 in
431 1144 531 1177 άὶἑῖῖς
541 1143 739 1189 praeceptis:
756 1151 797 1175 ne
812 1141 883 1177 haec
892 1141 1030 1188 quidem
1043 1141 1164 1177 citatio
1176 1139 1400 1186 personaliter
1415 1141 1536 1186 exequi
1547 1141 1663 1186 potuit
1675 1167 1685 1181 ‚
1702 1140 1845 1176 latitan-

381 1200 416 1225 te
430 1189 585 1224 Battalea
599 1215 607 1228 ,
621 1187 760 1223 occlusis
775 1187 898 1223 foribus
907 1189 1022 1223 domus
1039 1188 1245 1224 parochialis
1256 1214 1265 1227 ‚
1291 1188 1437 1234 ideoque
1451 1188 1548 1223 affixa
1563 1188 1628 1223 fuit
1645 1187 1769 1223 foribus
1784 1188 1844 1223 Ec-

381 1236 489 1272 clesiae
502 1237 608 1271 Sancti
622 1235 861 1272 Bartholomxi
873 1264 880 1272 .
910 1236 1025 1271 Rediit
1036 1235 1188 1271 Battalea
1203 1237 1241 1270 ad
1255 1234 1354 1270 A.C.
1366 1262 1376 1275 ,
1397 1246 1413 1268 a
1425 1246 1493 1280 quo
1506 1234 1688 1279 postulavit
1703 1235 1852 1269 obtinu-

387 1285 481 1330 itque
495 1285 798 1331 reintegrationem
814 1282 1001 1319 Monitorii
1018 1309 1028 1323 ,
1051 1284 1142 1329 quod
1159 1292 1315 1329 ageretur
1340 1283 1384 1317 de
1397 1281 1544 1317 Ecclesia
1561 1280 1702 1317 fundata
1718 1281 1753 1316 in
1775 1280 1849 1316 solo

384 1330 598 1366 Lateranenli
616 1358 625 1370 ,
647 1331 815 1377 petiitque
829 1332 933 1366 etiam
945 1356 955 1370 ‚
984 1339 1022 1366 ut
1034 1332 1103 1365 aeta
1118 1331 1232 1366 Curiae
1249 1328 1456 1376 Episcopalis
1469 1327 1822 1364 circumscriberentur
1834 1355 1845 1369 .

384 1378 571 1425 Episcopus
586 1406 596 1418 ,
613 1388 650 1414 ut
664 1378 848 1413 animarum
861 1390 949 1414 curae
959 1378 1167 1418 consuleret,
1185 1377 1388 1425 impetravit
1402 1388 1420 1410 a
1433 1375 1596 1422 Capitulo
1614 1375 1824 1411 Lateranensi
1837 1402 1849 1416 ,

383 1436 423 1459 nt
441 1425 507 1459 sine
525 1425 716 1471 praejudicio
728 1425 860 1464 jurium
872 1426 1027 1461 Partium
1052 1426 1168 1461 liceret
1192 1425 1345 1461 Parocho
1363 1424 1537 1461 Floruccio
1551 1426 1764 1460 Sacramenta
1782 1424 1851 1458 mi«

383 1473 522 1510 nistrare
535 1499 545 1512 ,
572 1474 603 1507 &
620 1473 832 1508 Parochiales
848 1472 1034 1509 functiones
1052 1485 1149 1520 agere
1164 1473 1196 1508 in
1212 1472 1355 1508 Ecclesia
1368 1473 1475 1508 Sancti
1501 1471 1737 1506 ssar1h0101n.ei
1752 1496 1762 1509 ,
1793 1470 1853 1505 sed

385 1532 497 1567 neque
511 1520 544 1554 id
558 1519 634 1556 satis
652 1519 741 1560 fuit,
765 1530 906 1555 vetante
925 1519 1098 1556 Battalea.
1126 1519 1269 1555 Necesse
1284 1522 1397 1567 itaque
1411 1520 1475 1555 suit
1491 1520 1591 1554 adire
1616 1518 1777 1553 sribunal
1793 1518 1853 1552 Si-

384 1578 536 1614 gnaturae
550 1568 693 1609 Justitiae
705 1594 715 1607 ,
728 1568 823 1611 cujus
838 1567 881 1604 R.
898 1567 933 1604 P.
950 1568 999 1603 D.
1016 1569 1158 1604 Auditor
1174 1568 1396 1616 decrevitpcr
1410 1565 1759 1615 modvsmprovssioais
1773 1577 1848 1602 syc.

383 1614 622 1656 administrari
637 1622 855 1653 Sacramenta
872 1617 1001 1663 “Populo
1034 1615 1134 1656 Caffri
1151 1618 1292 1651 Tudiam·
1315 1625 1378 1663 per
1402 1617 1550 1650 eumdem
1581 1614 1790 1648 Florucciwm
1813 1615 1848 1647 in

383 1663 530 1705 Ecclesia
546 1665 663 1698 Sansti
678 1664 917 1699 Bartholomaei
931 1688 941 1703 ,
955 1664 984 1698 ὅ(
1000 1663 1063 1698 hoc
1075 1663 1248 1698 decretum
1260 1662 1492 1698 confirmatum
1506 1660 1571 1695 fuit
1587 1659 1752 1704 rescripto
1763 1658 1850 1700 ejus·

387 1709 463 1743 dem
476 1709 676 1744 Tribunalis
692 1734 699 1743 .
717 1712 766 1744 At
780 1710 815 1745 id
827 1709 903 1745 satiS
918 1721 984 1744 non
998 1709 1064 1744 fuit
1077 1710 1218 1746 Rectori
1235 1709 1396 1745 ssattaleae
1412 1735 1422 1748 ,
1439 1710 1469 1743 &
1485 1708 1755 1744 Communitati,
1773 1707 1849 1749 plu-

388 1768 497 1802 raquae
511 1756 599 1802 gesta
615 1756 751 1791 suerunt
764 1783 773 1796 ,
788 1758 910 1804 quibus
925 1783 934 1795 ,
954 1758 985 1791 δὲ
1003 1756 1176 1803 Episcopi,
1190 1758 1223 1793 &
1237 1757 1418 1802 Signatum:
1433 1754 1619 1790 authoritas
1636 1755 1745 1795 spreta
1764 1752 1850 1790 fuit.

342 1803 469 1839 Iterum
483 1804 587 1849 igitur
604 1803 694 1838 adito
710 1803 757 1837 R.
771 1803 808 1838 P.
825 1804 874 1839 D.
889 1805 1054 1838 Auditore
1075 1804 1259 1850 Signaturae
1272 1830 1281 1844 ,
1299 1803 1354 1838 hic
1366 1803 1415 1837 ita
1429 1802 1582 1837 decrevit
1598 1827 1609 1840 ,
1632 1812 1697 1848 per
1711 1801 1847 1836 modum

388 1875 411 1890 2,
437 1849 659 1896 provisionis,
684 1851 715 1884 ὃ(
731 1850 796 1884 fine
820 1850 1016 1896 praejudieio
1040 1851 1172 1892 Jurium
1195 1852 1344 1886 Partium
1359 1875 1368 1888 ‚
1394 1851 1426 1884 ἀ
1457 1849 1559 1885 salvis
1577 1848 1844 1894 quibuscumque

382 1924 413 1938 ¹„
438 1897 697 1942 exceptionibus
712 1897 817 1932 etiarn
831 1898 864 1932 in
886 1898 1149 1943 exequutionem
1165 1897 1318 1943 rescripti
1333 1898 1444 1943 plenae
1467 1897 1659 1941 Signaturx
1683 1896 1842 1939 imperti-

388 1972 412 1986 „
437 1955 490 1980 tus
504 1943 755 1979 fuitlicentiam
779 1943 869 1980 Rev.
885 1944 1061 1979 Francisco
1085 1946 1239 1980 Florucci
1264 1944 1453 1980 celebrandi
1478 1941 1615 1979 Miffam
1639 1943 1674 1977 in
1697 1940 1846 1976 Ecclesia

386 2017 410 2031 „
435 1991 546 2026 Sancti
569 1992 803 2026 Bartholomaei
831 1991 939 2026 Castri
968 1991 1140 2031 Tudiani,
1162 1993 1276 2039 ibique
1301 1991 1489 2038 peragendi
1513 1989 1740 2037 quascumque
1765 1987 1847 2022 fun·

385 2063 411 2081 ³,
435 2039 557 2073 titiones
573 2038 837 2077 Ecclesiasticas3
861 2050 993 2073 necnon
1007 2039 1182 2074 mandavit
1198 2039 1384 2085 consignari
1397 2050 1457 2085 per
1470 2037 1571 2071 dictos
1585 2036 1722 2072 Citatos
1734 2034 1845 2070 eidem

387 2111 412 2125 ³,
440 2086 529 2121 Rev.
544 2086 698 2121 Florucci
714 2086 828 2121 claves
842 2095 911 2121 tam
927 2086 1085 2132 praedictas
1111 2085 1267 2121 Ecclesiae
1284 2112 1294 2125 ,
1319 2096 1419 2132 quarn
1432 2083 1739 2125 Giboriieiusdem
1754 2107 1778 2121 ,‚
1794 2092 1845 2116 at-

388 2144 454 2180 que
470 2133 516 2167 ita
541 2133 674 2167 tandem
688 2133 804 2169 claves
821 2134 949 2179 accepit
963 2132 1128 2169 Flebanus
1142 2133 1339 2169 Floruccius
1358 2157 1367 2171 ,
1381 2144 1447 2167 non
1460 2141 1576 2166 tamen
1591 2130 1695 2165 libros
1711 2128 1845 2169 Baptis-

384 2189 519 2215 matum
533 2207 543 2220 ‚
568 2180 784 2215 Mox-tuorum
805 2207 816 2223 ‚
841 2180 1151 2216 Matrimoniorum
1165 2206 1175 2219 ,
1199 2181 1232 2215 ἃ
1257 2180 1476 2216 Decimarum
1497 2205 1507 2219 ,
1527 2189 1636 2224 neque
1651 2178 1765 2211 claves
1781 2177 1843 2210 ha-

387 2227 462 2261 buit
474 2229 588 2261 domus
614 2227 825 2262 parochialis
843 2254 852 2267 ,
874 2240 952 2261 narn
967 2227 1094 2264 Recior
1119 2227 1272 2262 Battalea
1287 2254 1297 2267 ,
1318 2226 1375 2272 qui
1395 2226 1509 2261 omnia
1524 2225 1698 2269 retinebat
1715 2246 1725 2260 ‚
1747 2224 1842 2259 nulla

387 2271 476 2308 saeta
503 2274 712 2312 traditione,
738 2275 847 2318 patria
870 2274 1034 2311 disceffit,
1062 2274 1238 2319 evasitque
1263 2274 1297 2307 in
1318 2274 1538 2307 Hetruriam:
1564 2271 1687 2306 Rediit
1708 2271 1842 2306 tandem

387 2320 500 2356 mense
524 2321 648 2355 Martio
668 2321 764 2362 hujus
790 2320 886 2360 anni.
913 2322 1081 2367 &preces
1108 2321 1236 2356 obtulit
1252 2319 1524 2355 Eminentiffimis
1550 2319 1733 2360 Patribus,
1763 2317 1842 2362 qui-

387 2371 448 2403 bus
461 2368 602 2415 petebat
614 2367 860 2403 absolutionem
874 2380 892 2402 a
906 2367 1077 2408 Censuris,
1093 2370 1125 2404 ὅ(
1140 2368 1276 2408 audito,
1289 2375 1327 2402 ut
1338 2365 1411 2401 fieri
1425 2366 1507 2401 solet
1524 2393 1534 2406 ,
1551 2366 1713 2412 Episcopo
1725 2364 1843 2410 rescri-

389 2425 485 2460 ptum
509 2414 612 2450 fuit-·
641 2424 758 2451 orator
777 2425 906 2462 pareat
923 2442 933 2454 ‚
961 2418 1134 2453 &deinde
1158 2417 1331 2463 supplicet
1342 2433 1371 2442 -·
1397 2426 1465 2448 non
1490 2415 1626 2459 paruit,
1652 2412 1710 2447 sed
1733 2422 1842 2446 novas

390 2462 518 2496 obtulit
535 2474 667 2508 preces,
689 2461 808 2508 quibus
821 2463 862 2497 iis
877 2462 1098 2506 respondebat
1111 2489 1121 2502 ‚
1147 2474 1220 2509 qua:
1235 2464 1277 2497 ab
1293 2460 1456 2508 Episcopo
1470 2462 1555 2496 dicta
1570 2460 1702 2496 fuerant
1714 2459 1748 2494 in
1766 2458 1841 2502 Epi-

389 2507 483 2542 stolis
497 2535 505 2543 .
532 2510 655 2545 lterum
669 2509 773 2555 igitur
785 2509 900 2544 audito
910 2509 1074 2556 Episcopo
1089 2537 1098 2552 ,
1124 2509 1288 2553 rescripsit
1301 2510 1440 2544 Sacrum
1452 2508 1625 2543 Tribunal
1638 2516 1738 2554 --pro
1753 2512 1842 2541 Gra-

390 2558 442 2603 ΐῖ·ἔ
468 2555 690 2597 absolutionis
707 2556 856 2592 arbitrio
875 2559 1027 2604 Episcopi
1043 2583 1053 2596 ‚
1076 2561 1120 2593 &⁹
1135 2561 1169 2593 in
1193 2557 1337 2603 reliquis
1353 2558 1394 2591 ad
1408 2558 1553 2599 &judices
1564 2557 1643 2598 ficos
1664 2572 1696 2579 --
1717 2551 1842 2588 Gratia

391 2609 442 2634 uti
460 2602 570 2636 noluit
585 2602 737 2638 Battalea
751 2613 841 2637 ratus
857 2602 914 2637 sibi
927 2604 1045 2638 deberi
1069 2603 1314 2639 absolutionem
1330 2614 1373 2638 ex
1386 2603 1501 2638 debito
1513 2599 1650 2642 lustitia:
1671 2612 1681 2638 ;
1706 2600 1844 2645 gravit·-

390 2657 425 2680 ra
445 2646 579 2682 interim
602 2648 738 2684 molitus
753 2659 870 2685 contra
896 2650 1171 2690 authoritatem,
1197 2652 1228 2685 &
1247 2649 1448 2696 dignitatem
1470 2648 1646 2694 Episcopi,
1680 2648 1842 2681 Erninen-

391 2693 501 2728 tissimi
521 2695 664 2728 Abbatis
690 2694 980 2731 commendatarii
1009 2723 1019 2736 ‚
1045 2699 1075 2732 &
1095 2698 1206 2733 Sacrae
1231 2695 1519 2743 Congregationis
1547 2695 1727 2740 prxpositt:
1754 2697 1843 2729 bono

392 2740 591 2787 populorum
606 2741 760 2788 regimini
778 2768 788 2782 ,
816 2744 902 2778 itaut
921 2753 1038 2780 contra
1054 2756 1128 2780 eum
1144 2745 1197 2792 agi
1212 2745 1365 2780 debuerit
1383 2741 1553 2779 criminali
1578 2742 1713 2782 judicio
1731 2771 1738 2779 .
1767 2741 1843 2775 Νῑὶἢ

1742 2799 1798 2835 per
