1945 3028
76 170 306 208 'cathedralis
328 168 506 206 Ecclefiie.
530 169 586 206 cui
608 170 773 205 incumbit
788 181 872 205 onus
887 169 1011 216 agendi
1027 179 1138 203 annua
1150 169 1250 203 Sacra
1265 176 1406 203 centum
1421 167 1467 202 ob
1495 130 1577 203 re5d-

95 221 183 256 ditus
199 219 402 254 Conventus
418 219 438 251 S
466 217 587 253 Marite
604 218 763 253 Mazzani
779 244 789 257 ‚
812 218 970 253 eumdem
987 220 1124 253 Petrum
1136 217 1356 256 nominavit,
1389 225 1425 251 ut
1443 214 1574 252 sacra..

95 269 165 304 haec
188 275 303 313 ageret
316 292 326 305 ‚
355 266 386 299 ἃ
406 268 445 300 ad
460 265 577 300 Sacros
590 265 745 301 Ordines
761 276 1017 310 promoveretur
1038 290 1047 304 ,
1068 265 1196 305 adiecta
1215 266 1288 309 lege
1304 289 1313 301 ,
1337 274 1410 302 ut„
1443 262 1475 298 in
1492 275 1574 300 om-

96 342 120 356 „
147 315 243 351 nibus
259 312 338 348 anni
357 311 639 352 Festivi'tatibus,
666 313 745 347 &in
758 313 1026 361 quibuscumque
1045 312 1274 346 functionibus
1292 310 1444 346 Ecclefiae
1463 310 1574 345 inser-

96 389 120 403 ,‚
145 364 216 397 vire
231 369 404 396 teneretur
426 360 572 394 aliorum
586 358 874 396 Beneficiatoruin
891 359 992 396 instar
1007 387 1015 398 .
1038 361 1070 394 ὅτ
1090 359 1246 393 ultimam
1267 360 1457 392 celebraret
1492 357 1579 392 Mis-

98 437 121 451 „
147 411 213 445 sam
228 414 262 443 in
276 406 433 442 omnibus
448 407 529 441 anni
546 407 802 443 Festivitatibus
815 435 825 448 ‚
848 410 1030 454 eademque
1045 407 1264 452 affirmatione
1288 406 1416 440 tamdiu
1445 405 1578 448 potire-

98 484 122 501 „
148 468 205 492 tur
220 484 229 496 ,
255 455 409 500 quamdiu
428 465 496 489 non
514 454 594 489 esset
611 466 761 500 congrue
775 455 913 491 aliunde
926 454 1084 502 provisus
1099 480 1108 492 ,
1133 464 1234 501 atque
1247 452 1432 488 accedente
1449 451 1572 487 Reve-

99 532 122 545 ‚,
147 502 330 540 rendiflimi
345 500 499 546 Episcopi
514 502 675 537 consensu
690 514 700 539 ς
714 503 744 536 &
760 502 930 548 assignatis
949 515 1005 548 pro
1020 503 1080 537 hac
1094 501 1324 548 Cappellania
1339 500 1457 535 annuis
1473 500 1576 536 scao-

97 553 257 597 Denique
272 548 651 594 PhilippusCerbellius
668 551 846 595 aflignavit
860 551 968 586 eidem
982 550 1086 584 Petro
1107 561 1217 584 annua
1230 548 1311 582 scut.
1330 559 1362 590 9.
1381 557 1438 582 20.
1470 556 1576 593 atque

98 601 144 635 ita
163 593 361 643 compositis
385 597 503 635 rebus,
533 595 714 640 postulavit
748 597 864 632 Petrus
896 599 936 632 ab
960 598 1134 644 Episcopo
1151 594 1342 642 Nepesino,
1374 603 1410 629 ut
1438 593 1572 630 Titulo

96 644 300 682 Patriinonii
322 643 361 676 ad
376 643 490 678 Sacros
508 643 657 678 Ordines
673 645 934 684 admitteretur,
963 644 1068 680 edidit
1084 644 1118 678 in
1139 646 1232 679 ,mis
1246 642 1473 677 Instrumenta
1502 642 1573 677 col·

96 692 236 729 lationis
248 690 488 737 Cappellanite
504 691 530 727 S⁴
549 691 685 732 Joannis
702 691 883 728 Decollati
898 720 909 733 ,
929 691 1100 727 anei-iuss
1129 691 1245 726 Mariae
1262 691 1420 725 Mazzani
1438 715 1448 728 ,
1468 690 1499 724 &
1518 688 1576 723 as-

96 740 265 776 sinationis
288 749 407 773 annuae
433 736 749 773 faCtaeaCerbellio
767 764 777 773 .
806 739 976 785 Proposita
1001 742 1141 774 fuerunt
1168 739 1272 774 edicta
1290 765 1298 778 ,
1319 749 1358 773 ac
1382 737 1565 782 denique-0

94 789 137 823 ab
151 786 316 833 Episcopo
337 786 599 831 pronunciatum
630 786 694 821 fuit
712 813 733 826 ‚‚
763 787 925 823 Constare
942 789 979 821 de
997 786 1175 822 sufficienti
1190 797 1339 832 congrua
1365 787 1404 819 ad
1432 784 1576 819 formam

96 862 119 876 ,‚
146 834 251 870 Taxae
266 833 450 879 Synodalis
468 859 478 872 ‚
505 834 535 868 ἃ
553 834 778 880 supradictim
795 834 973 871 Clericum
992 835 1031 868 ad
1054 836 1192 869 Sacrum
1210 832 1475 868 Subdiaconatus
1502 834 1575 867 Or-

94 910 117 924 „
142 882 256 918 dinem
282 881 320 914 ad
345 881 485 915 titulum
511 880 732 927 supradictum
756 882 1067 929 Cappellaniarum
1091 893 1168 917 cuiii
1195 881 1430 928 supplemento
1460 879 1575 914 Patri·

95 956 117 971 „
143 930 248 971 monij
278 926 364 973 posse
380 930 571 972 promoveri
588 954 607 969 2,
851 934 853 937 '

46 977 206 1014 Sacerdos
232 977 334 1012 faetus
346 975 467 1010 Petrus
478 974 586 1010 Guidi
604 987 704 1010 onera
726 978 1147 1025 utriuss1ueCappellaniae
1171 977 1357 1024 implevit,
1381 977 1487 1011 donee
1510 986 1574 1010 an-

93 1037 136 1060 no
152 1029 246 1069 1738.
272 1035 288 1056 a
316 1021 480 1068 Capitulo
495 1022 693 1058 Cathedrali
712 1024 864 1062 Ecclefiae
881 1026 1040 1062 AEdituus
1060 1027 1184 1061 electus
1203 1025 1269 1060 suit
1283 1051 1293 1064 ‚
1320 1025 1350 1059 ὅ(
1366 1036 1442 1059 cum
1457 1035 1495 1058 ex
1515 1022 1576 1058 sti-

82 1073 220 1119 pendiis
237 1073 414 1105 Sacrorum
430 1098 439 1111 ,
466 1071 497 1105 &
523 1071 754 1118 eleemosynis
768 1073 920 1109 fidelium
937 1074 1001 1109 lese
1024 1075 1115 1108 alere
1146 1071 1248 1115 posset
1265 1099 1274 1111 ,
1299 1071 1407 1117 passus
1432 1071 1500 1111 est,
1535 1079 1583 1108 ut,

92 1120 189 1155 Sacra
214 1119 272 1154 illa
293 1127 429 1153 centum
445 1145 455 1158 ,
479 1130 552 1164 quae
567 1120 620 1164 agi
634 1121 798 1155 debebant
814 1134 877 1167 pro
891 1121 1121 1168 Cappellania
1135 1122 1154 1154 S
1171 1121 1222 1156 M.
1242 1119 1400 1153 Mazzini
1417 1144 1426 1157 ,
1459 1130 1476 1152 a
1492 1116 1574 1152 Ca-

93 1166 224 1202 nonicis
239 1175 439 1213 agerentur,
461 1166 529 1200 alia
546 1176 658 1201 tamen
672 1177 778 1203 onera
794 1195 803 1207 ‚
830 1182 903 1216 quae
919 1168 1020 1213 supra
1037 1168 1184 1203 diximus
1199 1194 1207 1206 ‚
1234 1167 1421 1211 diligenter
1445 1165 1575 1211 imple-

93 1215 169 1253 vit,
192 1214 302 1248 donec
326 1213 424 1247 finito
450 1212 587 1253 AElitui
618 1226 756 1250 munere
772 1242 781 1254 ‚
810 1228 886 1251 cuin
902 1215 1012 1251 vellet
1029 1218 1143 1251 eadem
1158 1215 1254 1250 Sacra
1272 1223 1408 1248 centum
1422 1213 1576 1258 Cappel-

93 1262 190 1296 laniae
205 1261 236 1294 S.
252 1260 369 1296 Mariae
384 1260 543 1296 Mazzqni
568 1273 625 1306 per
639 1262 670 1296 se
695 1262 804 1309 ipsum
819 1275 918 1309 agere
932 1290 953 1305 ,A
969 1261 1117 1308 repulsus
1137 1261 1200 1297 fuit
1227 1274 1244 1296 a
1262 1261 1430 1305 Capitulo
1443 1286 1452 1299 ,
1471 1260 1571 1306 quod

93 1308 225 1345 censuit
239 1307 367 1342 nullam
387 1307 482 1341 fuitse
498 1308 739 1355 Cappellaniae
752 1309 848 1344 illius
862 1311 1104 1346 collationem.
1144 1309 1247 1344 Adito
1265 1308 1373 1352 igitur
1392 1307 1571 1353 Episcopo.

92 1355 266 1392 confilium
280 1355 334 1389 hic
347 1355 436 1389 dedit
450 1354 620 1402 Capitulo
634 1383 643 1396 ,
669 1357 720 1390 uti
736 1357 846 1392 censet
866 1357 1018 1400 Guidius
1040 1385 1050 1397 ,
1080 1367 1117 1392 ut
1138 1358 1242 1392 Sacro
1270 1354 1348 1390 huic
1376 1353 1569 1389 Tribunali

92 1402 348 1439 Canonicorum
371 1403 510 1438 nomine
533 1415 653 1451 preces
681 1402 884 1440 offerrentur
912 1432 922 1446 ,
946 1407 1068 1452 quibus
1099 1404 1333 1451 postularent,
1359 1413 1397 1437 ut
1422 1401 1573 1438 Giiidius

93 1459 272 1498 cogeretur
298 1453 341 1484 ad
366 1450 626 1491 constituendam
643 1451 710 1494 fibi
728 1454 893 1497 fiifficiens
922 1457 1203 1489 Patrimonium.
1227 1449 1380 1486 Auditus
1414 1449 1504 1488 fuit,
1533 1457 1573 1484 ut

94 1497 198 1534 moris
214 1497 283 1537 est,
311 1497 497 1545 Episcopus
509 1525 518 1538 ‚
543 1499 604 1544 qui
619 1500 789 1543 respondit
806 1499 968 1537 illicitam
989 1500 1080 1537 fuisse
1091 1499 1200 1536 Guidi
1218 1498 1484 1534 Ordinationem
1498 1523 1508 1535 ‚
1536 1498 1575 1532 &

93 1544 371 1591 compellendum
394 1544 479 1586 effe,
507 1556 544 1582 ut
558 1547 893 1587 Patrimoniumsibi
919 1549 1165 1587 constitueret,
1195 1558 1237 1581 ne
1263 1545 1438 1592 suspensus
1467 1542 1572 1582 esset.

94 1592 311 1639 Rescriptum
324 1591 391 1628 fuit
404 1591 809 1631 LibellovCanonicorum
829 1616 848 1622 -
879 1598 1036 1645 Episcopo
1065 1598 1125 1643 qm·
1151 1597 1317 1643 procedat
1351 1602 1457 1640 prout
1499 1594 1572 1630 da,

95 1645 212 1686 ‘Jure-
237 1640 343 1679 &ille
357 1643 594 1686 pronunciavit
609 1642 772 1679 illicitam
785 1643 880 1679 suiffe
907 1645 1001 1680 Petri
1030 1643 1140 1680 Guidi
1159 1640 1423 1678 ordinationem
1439 1667 1449 1681 ι
1472 1650 1573 1674 eum-

94 1700 159 1736 que
174 1687 617 1737 incurrissesuspensionem
631 1719 641 1732 ,
669 1701 770 1737 atque
796 1692 1085 1739 irregularitatem
1100 1719 1109 1732 ,
1137 1689 1383 1728 &Canonicos
1400 1688 1434 1722 in
1449 1696 1571 1723 eorum

93 1735 292 1785 possessione
305 1735 368 1773 effe
383 1741 652 1776 manutenendos
665 1769 686 1781 .,
702 1740 900 1785 Priusquam
914 1753 995 1776 vero
1020 1740 1068 1775 ita
1092 1738 1336 1785 pronunciaret
1365 1761 1374 1774 ‚
1397 1736 1583 1771 nomine,

93 1782 199 1818 Guidi
220 1795 343 1829 preces*
355 1785 486 1820 obtulit
499 1787 893 1828 SacraePoenitentiai-iae
907 1815 916 1827 .
943 1789 1062 1834 quibus
1079 1788 1215 1832 petebat
1240 1783 1494 1819 absolutionem
1520 1794 1574 1817 a„

95 1830 307 1878 suspensione
323 1860 332 1872 ‚
363 1833 394 1867 &
408 1833 693 1879 dispensationem
707 1836 748 1869 ab
763 1835 1017 1880 irregularitate
1033 1863 1042 1875 ‚
1068 1836 1108 1868 ad
1125 1845 1208 1878 quas
1231 1831 1364 1866 facilius
1393 1830 1574 1875 assequen-

94 1879 152 1913 das
169 1905 179 1918 ,
203 1891 311 1916 manu?
332 1879 449 1921 illius,
474 1882 531 1927 qui
558 1882 592 1917 ei
605 1884 648 1917 ab
666 1882 815 1928 epistulis
831 1881 877 1915 est
892 1908 901 1921 ,
931 1883 1003 1918 haec
1015 1881 1119 1917 verba
1137 1879 1205 1925 post
1222 1889 1336 1925 preces
1348 1877 1475 1923 scripta
1501 1875 1575 1912 fue-

96 1935 208 1960 runt·
238 1933 388 1975 Propter
406 1932 519 1966 vitae„
538 1934 582 1967 ζῇν
604 1943 734 1966 morum
763 1929 968 1969 honestatem
984 1956 993 1969 ‚
1018 1934 1061 1966 ξφ
1088 1928 1287 1962 diuturnum
1312 1926 1453 1967 Ecclesia
1479 1932 1574 1971 pm-

89 1973 208 2014 stiram
224 1974 414 2017 servitium
427 1977 625 2024 Apostolica
652 1980 795 2014 videtur
817 1979 940 2022 dignus
967 1971 1210 2020 indulgentia·
1242 1972 1294 2007 lta
1322 1983 1391 2006 rem
1421 1970 1574 2022 Guidius

97 2030 233 2061 narrat,
260 2022 317 2069 qui
333 2023 450 2064 addit,
480 2024 697 2071 indignatum
715 2023 937 2070 Episcopum‘
962 2023 1056 2069 quod
1072 2021 1138 2067 ipse
1154 2022 1211 2055 has
1223 2031 1337 2066 preces
1365 2016 1536 2063 rejecisset
1561 2042 1586 2059 ⁸

96 2077 306 2107 contraeum
324 2070 560 2117 pronunciasse
580 2100 588 2108 .
760 2073 763 2074 ⁷
1512 2093 1514 2096 >

51 2115 256 2165 Appellavit
269 2116 417 2158 Gvuidius
441 2119 481 2152 ad
494 2122 541 2154 A.
565 2119 629 2160 C.‚
653 2121 707 2156 sed
735 2121 812 2155 data
839 2118 902 2154 suit
929 2119 1082 2166 cognitio
1106 2118 1206 2162 huius
1232 2115 1350 2152 Causae
1366 2115 1465 2150 Sacro
1491 2114 1583 2149 huie·

109 2162 317 2204 lriburrali,>
330 2166 363 2200 δι
387 2176 532 2202 vocatus
547 2167 613 2202 fuit
637 2168 672 2203 in
691 2169 740 2210 jus
758 2170 933 2204 Promotor
945 2166 1084 2202 Fiscalis
1097 2165 1209 2201 Curia:
1225 2162 1430 2209 Episcopalis
1456 2161 1572 2208 Nepe-

97 2207 173 2245 sinae
187 2236 196 2249 ‚
224 2212 255 2246 δι
271 2212 500 2261 Capitulum;
529 2215 657 2261 Agitur
673 2217 764 2251 enim
778 2214 874 2251 causa
891 2227 907 2249 a
921 2214 1042 2249 Gurdo
1061 2224 1133 2249 tum
1148 2220 1270 2249 contra
1293 2210 1532 2261 Capitulum-2
1561 2235 1573 2250 2

99 2268 175 2291 cum
189 2269 255 2302 quo
275 2260 415 2306 quaestio
438 2262 486 2297 est
502 2290 512 2303 ‚
537 2274 578 2297 an
596 2262 680 2299 illud
695 2262 1037 2298 sitmanutenendum
1052 2287 1063 2301 ‚
1088 2262 1119 2296 &
1136 2260 1403 2297 conservandum
1431 2268 1464 2291 in
1493 2256 1573 2302 pos-

98 2303 234 2338 seffione
245 2306 476 2355 Cappellaniae
489 2312 521 2347 S.
536 2310 654 2347 Mariae
672 2310 828 2347 Mazzani
847 2338 856 2350 ‚
885 2309 939 2346 vel
962 2309 998 2344 sit
1028 2307 1282 2356 reintegrandus
1299 2305 1444 2341 Guidius
1463 2319 1473 2347 3
1493 2314 1573 2355 ⁴tum

97 2363 213 2404 contra
227 2352 423 2402 Episcopum
439 2384 447 2396 ‚
473 2370 574 2404 quem
586 2368 705 2395 contra
720 2358 860 2395 Guidus
886 2356 1063 2393 contendit
1085 2357 1274 2404 legitimam
1301 2353 1397 2388 fuisse
1415 2352 1574 2386 Ordina-

97 2409 255 2442 tlonem-‚A
270 2413 380 2448 neque
394 2404 570 2440 incurriss'e
582 2408 615 2441 in
630 2406 880 2451 suspensionem
898 2432 907 2445 ‚
922 2406 1005 2440 licet
1017 2402 1255 2450 Cappellaniae
1270 2397 1574 2451 manuales-estem,

94 2458 164 2492 quae
179 2446 225 2482 est
249 2449 413 2494 potiffima
428 2453 520 2488 ratio
536 2454 713 2499 Episcopi;
737 2454 824 2501 quod
851 2453 871 2487 si
897 2452 1065 2488 constaret
1090 2453 1130 2486 de
1155 2450 1338 2495 illegitima
1361 2446 1570 2481 Ordinatio-

93 2505 161 2533 ne,
190 2497 366 2531 contendit
390 2497 538 2535 Guidius
563 2502 670 2537 teneri
701 2502 905 2546 Episcopum
928 2500 968 2534 ad
993 2500 1162 2535 alimenta
1189 2498 1220 2532 ei
1245 2494 1424 2542 praestanda
1453 2519 1464 2533 ,
1505 2495 1568 2529 do-

93 2551 158 2575 nec
182 2554 372 2590 congruum
405 2545 436 2579 ei
465 2546 676 2585 Beneficium
700 2551 808 2585 tradat
834 2573 844 2582 .
879 2549 1036 2593 Longum
1062 2546 1140 2583 esset
1165 2545 1272 2580 Guidi
1295 2544 1445 2579 rationes
1464 2569 1473 2582 ,
1497 2554 1572 2589 quse

95 2587 196 2635 longo
210 2590 351 2626 Libello
370 2594 543 2636 pronofitae
565 2597 638 2631 sunt
660 2597 716 2632 hic
733 2597 856 2633 referre
871 2609 880 2634 3
914 2598 1040 2630 Folium
1053 2595 1142 2629 enim
1159 2594 1194 2628 in
1210 2592 1368 2627 volumen
1388 2590 1568 2626 excresce-

95 2645 168 2671 ret.
195 2636 315 2674 Causa
332 2639 395 2677 lv.
423 2640 608 2686 Capitibus
634 2644 778 2680 collecta
809 2646 891 2680 fuit.
928 2643 985 2677 Ab
1009 2641 1199 2688 Episcopo,
1223 2637 1441 2685 &Capitulo
1472 2637 1569 2674 nihil

95 2683 252 2719 hactenus
270 2687 447 2725 habuimus
464 2704 472 2723 :
496 2690 566 2725 haec
580 2691 784 2728 siint'CausJ:
795 2691 921 2738 Capita
941 2719 948 2726 .

46 2728 81 2771 Ῑ·
108 2734 173 2769 Aa
198 2733 334 2782 constet
361 2741 405 2775 de
419 2739 588 2785 legitima
601 2742 851 2781 Ordinatione
867 2741 1075 2777 Sacerdotis
1090 2740 1202 2778 Petri
1216 2739 1334 2776 Guidi
1351 2738 1371 2777 Ξ,
1383 2735 1418 2776 ἃ
1436 2745 1567 2785 quate«

257 2800 324 2828 nus
354 2793 528 2842 negative
543 2820 553 2832 .

1393 2837 1439 2874 II·
1465 2845 1526 2877 usn
