1977 3028
97 167 246 198 ,tronum
257 159 434 202 fruc-amm
446 181 457 197 ,
486 151 699 198 erexerunt,
719 156 752 194 δι
767 156 1017 193 constituerunt
1031 168 1110 194 cum
1125 155 1227 193 fundo
1245 157 1288 193 se.
1303 159 1403 200 1560.
1427 162 1484 206 78.
1498 121 1573 195 frfi-l-

92 209 160 243 ἕως
172 215 285 242 autem
302 205 442 241 collecti
460 206 505 240 ab
525 215 671 253 utroque
688 204 811 240 Monte
829 205 932 251 usque
954 206 993 239 ad
1009 217 1133 241 annum
1146 214 1244 251 r747·
1258 232 1269 246 ,
1294 207 1354 251 qui
1374 205 1570 252 supersunt.

94 255 212 290 solutis
230 252 370 288 dotibus
384 278 394 291 ‚
422 251 554 288 faciunt
567 252 734 287 summam
752 251 794 286 sc.
811 253 910 287 1688.
930 254 988 293 56.

53 303 145 340 Cum
158 302 192 337 in
217 299 365 336 Ecclesia
387 299 703 345 Sodalitiiquaedam
728 298 791 333 {int
807 300 943 334 Altaria
957 299 1056 334 nimis
1083 299 1223 345 antiqua
1239 326 1248 339 ‚
1275 311 1418 347 quaeque
1442 300 1570 336 necesse

100 350 166 390 est,
194 358 231 384 ut
246 356 445 395 reparentur
460 373 470 386 ‚
497 354 594 392 atque
611 347 651 379 ad
666 346 820 381 eamdem
834 346 1042 392 elegantiam
1059 373 1070 386 ‚
1095 348 1127 381 ὃ(
1144 355 1288 381 nitorem
1304 374 1313 386 ‚
1339 359 1406 392 quo
1420 348 1570 393 splendet

99 395 249 434 Ecclesia
266 422 276 436 ,
300 403 468 430 ornentur
482 419 493 433 ,
517 393 656 428 Sodales
671 394 870 428 obtulerunt
886 394 1112 429 Sacratiilimo
1129 393 1277 438 Principi
1296 394 1407 429 nostro
1431 407 1543 439 preces
1557 422 1569 436 ,

100 445 223 491 quibus
239 443 441 478 alteratrum
455 440 692 486 postulabant,
717 450 778 477 aut
794 441 933 477 scilicet
949 441 1148 477 facultatem
1162 441 1321 486 erogandi
1338 443 1370 476 in
1389 443 1569 486 impensam

101 490 344 537 reparationis,
365 489 396 523 ὅ(
410 488 606 524 ornamenti
621 489 799 524 Altarium
812 487 976 524 summam
1000 489 1100 524 illam
1117 488 1269 524 sc.1688.
1285 494 1344 534 96,
1359 518 1368 530 ‚
1393 499 1466 533 quae
1486 489 1568 524 reli-

101 551 168 587 qua
178 538 224 574 est
241 549 284 573 ex
298 536 458 572 fructibus
474 535 645 581 utriusque
660 536 790 571 Montis
808 563 818 576 ,
842 547 901 572 aut
925 536 1147 584 extinguendi
1171 536 1318 571 alterurn
1346 536 1444 570 illum
1467 545 1569 573 Mon-

102 597 171 624 tem
182 587 355 630 fruHuum
375 610 387 624 ,
411 585 443 619 &
458 584 620 629 erogandi
642 582 783 618 fundum
801 584 894 619 illius
909 585 951 621 sc.
968 592 1069 625 1560.
1086 584 1122 618 in
1148 583 1314 628 impensas
1343 584 1568 627 reparationis

101 633 302 671 Altarium.
330 632 423 667 Data
436 630 503 666 fuit
524 630 568 664 ab
584 630 729 676 Optimo
748 631 905 679 Principe
927 631 1081 679 cognitio
1106 631 1204 673 hujus
1227 630 1468 677 postulationis
1491 644 1568 666 aiti-

98 680 253 729 plissimis
274 678 423 715 Patribus
445 705 454 714 .
480 677 634 713 Auditus
661 677 849 724 Episcopus
874 679 1004 715 censuit
1027 679 1231 714 reiciendam
1253 677 1316 712 effe
1341 679 1483 724 primam
1499 691 1569 726 po-

100 727 294 764 stulationis
309 735 438 772 partem
453 752 464 766 ‚
484 737 557 771 quae
571 724 617 759 est
629 725 669 760 de
683 726 728 760 sc.
743 728 836 763 1688.
857 753 867 767 ,
893 728 1050 771 probavit
1064 726 1206 760 alteram
1221 752 1231 765 ‚
1255 738 1326 772 quae
1342 725 1387 760 est
1402 727 1441 760 de
1451 727 1568 761 extin-

101 775 239 824 guendo
249 774 359 810 altero
381 773 679 815 Montefrufiunm
692 799 701 812 ,
731 774 866 820 eiusque
889 775 995 810 fundo
1008 774 1177 821 erogando
1198 774 1233 807 in
1247 773 1414 819 impensas
1429 785 1568 819 repara-

99 823 202 860 tionis
231 821 406 857 Altarium
421 847 431 859 ,
458 832 531 868 quae
559 819 688 854 necesse
710 821 779 860 est,
803 831 841 856 ut
864 833 1065 869 reparentur
1084 835 1095 861 ‚·
1127 819 1254 855 Censet
1275 820 1440 855 summam
1470 822 1567 857 illam

99 872 143 908 sc,
157 870 254 907 1688.
271 875 329 912 96.
344 878 472 915 partem
491 879 533 902 ex
547 866 709 903 fructibus
727 868 897 916 utriusque
912 870 1046 906 Montis
1061 868 1241 904 uniendam
1264 867 1328 902 esse
1343 869 1451 913 primo
1464 870 1569 903 Mon-

99 919 129 954 ti
147 945 157 959 ,
177 918 272 960 cujus
290 916 409 951 fundus
426 914 464 950 sit
479 915 520 950 sc.
541 916 638 954 3538.
655 922 713 958 96.
728 943 739 956 ,
766 924 867 962 atque
886 918 932 952 ita
947 923 1044 953 Mons
1071 916 1130 951 ille
1150 915 1334 961 pieniffime
1359 915 1567 962 reintegrari

100 967 226 1015 poterit
240 966 279 1000 de
293 964 414 998 damno
427 960 587 997 censuum
602 961 792 998 amissorum
816 964 852 997 in
868 964 994 1000 summa
1007 964 1053 998 sc.
1065 975 1146 1009 400.
1166 988 1176 1002 ,
1203 962 1353 997 alterum
1372 974 1455 998 vcro
1470 970 1570 999 Mon-

101 1024 171 1051 tcm
186 1014 359 1056 [rufinum
374 1008 532 1056 extingui
546 1007 638 1052 posse
655 1018 751 1055 putat
769 1035 779 1050 ,
802 1010 936 1052 adiectis
958 1010 1158 1056 quibusdam
1176 1010 1310 1055 legibus
1326 1036 1336 1049 ,
1361 1007 1446 1055 {luas
1470 1009 1568 1045 Emi-

97 1058 284 1097 nentiffimi
297 1058 413 1093 Patres
426 1055 606 1104 agnoscent
622 1069 665 1093 ex
677 1059 750 1101 ejus
765 1058 912 1105 Epistola
924 1086 933 1095 .
954 1058 1090 1094 Placuit
1103 1056 1288 1092 Sodalibus
1304 1057 1471 1092 sententia
1486 1056 1568 1103 Epi-

100 1106 216 1154 scopi,
241 1107 273 1141 &
287 1105 384 1141 novis
405 1105 529 1140 oblatis
545 1105 701 1150 precibus
716 1129 727 1143 ,
751 1105 963 1150 postularunt
977 1107 1017 1140 ab
1035 1106 1100 1139 hoc
1117 1104 1220 1138 Sacro
1242 1103 1425 1139 Tribunali
1454 1103 1568 1139 facul-

102 1165 208 1192 tatem
229 1152 454 1200 extinguendi
468 1158 616 1188 Montem
638 1153 812 1196 srut‘Zuum
828 1179 838 1191 ,
860 1154 997 1202 eiusque
1010 1152 1130 1188 sortem
1152 1151 1312 1197 erogandi
1343 1151 1377 1185 in
1403 1151 1568 1197 impensas

102 1201 327 1250 reparationis
360 1199 531 1236 Altarium
545 1226 555 1239 ‚
581 1199 613 1232 δι
652 1226 662 1240 ,
702 1206 740 1233 ut
770 1199 916 1236 securior
944 1199 1025 1237 esset
1057 1198 1225 1246 praestatio
1261 1198 1349 1234 dotis
1381 1198 1568 1245 poenitenti

101 1251 238 1287 mulieri
265 1275 277 1289 ‚
312 1247 510 1284 obtulerunt
548 1258 614 1281 non
648 1246 842 1293 generalem
876 1248 986 1285 solum
1022 1246 1252 1294 hypothecam
1290 1248 1454 1281 bonorum
1488 1257 1570 1280 om-

98 1299 196 1334 nium
214 1295 379 1334 Sodalitii
408 1319 419 1334 ,
458 1294 511 1329 sed
539 1294 645 1328 etiam
669 1293 843 1339 specialem
864 1308 921 1342 per
949 1294 1204 1342 assignationem
1232 1292 1359 1333 fundi,
1403 1305 1504 1340 quern
1526 1295 1569 1328 ab

100 1346 195 1382 omni
220 1355 325 1380 onere
354 1367 366 1382 ,
400 1351 501 1388 atque
528 1342 723 1392 hypotheca
749 1340 894 1379 solutum
930 1344 1087 1380 dicebant
1115 1339 1355 1377 testificatione
1390 1340 1568 1376 rationalis

101 1390 284 1429 Sodalitii.

53 1440 350 1481 Auditusiterum
372 1439 438 1476 fuit
459 1438 643 1489 Episcopus
657 1469 667 1483 ,
691 1442 748 1489 qui
763 1442 956 1480 libertatem
987 1442 1080 1480 fundi
1098 1439 1232 1476 asseruit
1248 1466 1257 1480 ,
1283 1437 1469 1484 retulitque
1496 1436 1570 1478 ejus

98 1487 249 1536 pretium
263 1513 273 1527 ,
297 1487 332 1522 &
351 1486 520 1524 redditum
536 1491 686 1526 annuum
703 1515 714 1526 .
742 1491 848 1526 Nunc
863 1491 969 1539 igitur
984 1489 1168 1538 postulatio
1182 1487 1251 1522 haec
1268 1486 1442 1521 Sodalium
1457 1485 1497 1518 de
1511 1495 1568 1519 ex-

99 1535 288 1582 tinguendo
305 1540 458 1572 Mentem
469 1537 643 1579 fruffltum
660 1563 669 1578 ,
692 1538 726 1572 &
743 1537 814 1579 eius
843 1539 930 1575 sorte
946 1537 1115 1586 eroganda
1129 1536 1163 1571 in
1184 1533 1350 1581 impensas
1374 1531 1570 1578 reparatio-

98 1583 153 1619 nis
170 1582 342 1618 Altarium
354 1593 433 1618 curn
447 1582 582 1629 legibus
595 1584 781 1632 propositis
795 1587 836 1620 ab
858 1587 1025 1634 Episcopo
1039 1613 1048 1626 ,
1073 1586 1103 1620 &
1120 1581 1269 1630 generali
1285 1581 1495 1626 obligatione
1508 1581 1567 1613 bo-

100 1641 224 1666 norum
240 1628 400 1666 Sodalitii
414 1656 424 1671 ‚
446 1641 485 1665 ac
498 1630 636 1676 speciali
652 1632 846 1678 hypotheca
873 1633 972 1670 fundi
993 1633 1123 1675 judicio
1147 1628 1484 1665 Eminentiflimorum
1503 1626 1568 1660 Pa-

100 1687 195 1713 trum
210 1676 392 1719 subjicitur
411 1704 420 1714 .
451 1677 589 1724 Urgent
604 1678 740 1714 Sodales
755 1691 825 1714 rem
851 1680 915 1717 esse
942 1684 982 1717 de
1007 1679 1119 1728 gratia
1135 1705 1144 1718 ‚
1172 1689 1244 1722 quae
1273 1675 1359 1710 nulli
1376 1674 1569 1709 detrimen-

101 1735 175 1760 tum
190 1724 317 1765 infert,
342 1736 483 1772 quaeque
500 1724 743 1772 impedimento
762 1738 826 1761 non
848 1727 894 1763 est
907 1756 916 1769 ‚
942 1741 983 1764 ne
1003 1728 1185 1773 impleatur
1198 1722 1274 1758 finis
1289 1731 1442 1758 veterum
1460 1720 1569 1755 Soda-

102 1772 188 1808 lium
203 1797 213 1811 ‚
233 1772 292 1818 qui
303 1773 490 1808 voluerunt
503 1799 513 1811 ,
537 1782 573 1807 ut
586 1785 627 1808 ex
642 1772 801 1809 fructibus
815 1801 825 1814 ‚
848 1776 881 1810 8<
896 1776 1074 1811 redditibus
1097 1771 1199 1817 primi
1219 1769 1347 1805 Montis
1360 1768 1567 1815 praestaretur

102 1819 166 1854 dos
181 1819 314 1854 mulieri
330 1819 528 1867 paenitenti;
551 1819 664 1855 Immo
678 1821 813 1867 plenius
827 1823 962 1868 impleri
979 1824 1069 1857 hunc
1086 1820 1188 1854 finem
1199 1818 1383 1852 acceflione
1398 1816 1440 1850 sc.
1452 1817 1570 1852 1638„

103 1878 179 1914 quae
194 1867 353 1901 unientur
368 1867 480 1914 primo
499 1867 552 1902 illi
567 1867 682 1902 Monti
698 1893 708 1906 ,
737 1868 824 1903 itaut
837 1869 909 1910 ejus
937 1869 1052 1903 fundus
1073 1869 1110 1902 sit
1125 1867 1169 1901 sc.
1185 1869 1286 1909 3538.
1303 1890 1312 1901 2
1337 1873 1437 1907 atque
1455 1862 1501 1895 ita
1514 1863 1570 1904 ja-

103 1917 199 1950 ctura
222 1913 281 1949 illa
309 1914 356 1949 sc.
380 1925 482 1954 400.²
509 1925 609 1960 quam
632 1912 698 1949 fine
731 1914 855 1959 culpa,
887 1917 918 1951 δι
946 1915 1156 1962 negligentia
1186 1911 1368 1946 Sodalium
1395 1907 1499 1954 passus
1525 1906 1570 1941 est

102 1960 206 1996 Mons
221 1987 231 2000 ,
254 1961 462 2007 reintegrari
476 1961 602 2008 poterit
623 1961 832 2008 pleniffime:
858 1963 946 1999 Cum
966 1971 1078 1997 autem
1095 1989 1104 2002 ‚
1131 1961 1193 1994 hac
1219 1957 1302 1991 facta
1331 1956 1543 2003 reparatione
1558 1981 1569 1994 ‚

104 2006 284 2045 cessaverit
298 2008 396 2044 causa
409 2008 469 2044 illa
482 2036 492 2050 ‚
518 2010 548 2045 &
561 2007 640 2044 finis
656 2034 666 2048 ‚
686 2009 735 2043 ob
753 2020 852 2054 quam
869 2017 964 2046 Mons
977 2012 1151 2054 fructuum
1167 2007 1294 2040 erectus
1311 2003 1375 2040 fuit
1389 2030 1399 2043 ,
1421 2003 1479 2049 qui
1498 2012 1569 2053 non

101 2054 175 2090 >fuit
188 2055 392 2092 constitutus
405 2067 424 2090 a
444 2055 621 2092 Sodalibus
634 2083 645 2097 ‚
667 2065 704 2091 ut
720 2068 760 2091 ex
781 2056 852 2098 eius
877 2057 1065 2092 redditibus
1087 2055 1183 2090 dotes
1201 2052 1437 2098 praestarentur
1460 2061 1570 2096 poeni-

109 2102 254 2139 tentibus
268 2102 420 2139 foeminis
439 2127 449 2143 ,
472 2104 526 2140 sed
540 2112 576 2139 ut
594 2105 792 2150 reintegrari
807 2103 910 2151 poss'et
926 2105 1053 2149 primus
1081 2102 1184 2137 Mons
1199 2099 1241 2135 de
1253 2102 1374 2135 damno
1397 2099 1443 2133 sc.
1460 2108 1542 2138 400·
1559 2122 1570 2136 ,

109 2150 324 2197 aequiffiinum
352 2149 416 2185 effe
431 2177 441 2192 ,
465 2162 504 2186 ut
519 2149 617 2185 cess'et
634 2158 730 2187 Mons
743 2153 915 2194 frnbluum
935 2178 944 2190 ,
971 2161 1071 2197 utque
1085 2152 1155 2191 ejus
1173 2147 1292 2183 fundus
1306 2174 1316 2186 ,
1341 2147 1372 2182 &
1388 2146 1474 2184 sors,
1495 2156 1570 2191 quae

107 2207 205 2242 parta
220 2198 265 2233 est
280 2199 392 2234 labore
407 2226 417 2240 ‚
442 2199 572 2244 pietate
591 2225 600 2238 ,
627 2199 807 2244 diligentia
821 2199 997 2234 Sodalium
1014 2225 1023 2238 ‚
1053 2199 1087 2232 in
1103 2195 1193 2231 aliud
1216 2194 1314 2242 pium
1329 2205 1415 2241 opus
1432 2218 1442 2231 ,
1468 2192 1571 2244 quale

108 2243 158 2278 est
181 2244 265 2279 illud
287 2245 518 2291 reparationis
545 2245 719 2282 Altarium
748 2258 866 2282 eorum
892 2244 1046 2282 Ecclefiae
1067 2270 1077 2283 ,
1109 2250 1327 2278 convertatur
1347 2255 1357 2274 ε
1385 2239 1571 2275 Praesertim

110 2302 188 2326 cum
215 2291 361 2329 redditus
388 2293 544 2330 Sodalitii
569 2293 712 2339 impares
743 2293 805 2328 sint
827 2293 877 2329 his
906 2291 1085 2339 impensis3
1106 2289 1268 2325 diminuti
1297 2289 1387 2323 enim
1411 2288 1484 2322 sunt
1501 2295 1573 2320 tum

109 2335 296 2389 necessario
316 2350 521 2386 augumento
544 2338 723 2385 stipendii,
749 2343 836 2386 quod
862 2340 1020 2388 praestant
1054 2337 1185 2385 viginti
1212 2336 1432 2382 Cappellanis
1455 2360 1465 2373 ,
1489 2343 1572 2378 quos

109 2394 261 2421 retinent
290 2397 349 2431 pro
375 2389 469 2423 cultu
496 2387 648 2423 Ecclesiae
676 2413 686 2427 ,
724 2396 798 2422 tum
830 2399 948 2434 magna
980 2387 1015 2420 vi
1052 2385 1275 2434 pecuniarum
1297 2410 1306 2422 ‚
1343 2394 1421 2428 quas
1450 2391 1574 2431 erog-a-

109 2441 192 2469 runt
222 2459 232 2473 ,
266 2443 304 2468 ut
336 2433 467 2471 Demos
495 2434 654 2471 Urbanas
680 2461 691 2475 ‚
720 2435 754 2470 8<
780 2435 921 2470 rusticas
947 2461 957 2475 ,
983 2445 1055 2480 quae
1079 2431 1212 2468 ruinam
1240 2429 1458 2465 minabantur
1484 2453 1494 2466 ,
1519 2430 1574 2461 ia-

114 2490 244 2516 rcireiit
259 2505 269 2515 .

66 2527 233 2564 Redditus
245 2540 326 2563 vero
343 2556 352 2570 ‚
377 2540 458 2575 quos
471 2541 558 2567 nunc
585 2533 683 2567 habet
701 2530 765 2567 Sod
774 2531 909 2567 alitium
924 2557 933 2570 ‚
966 2531 1101 2577 erogari
1117 2530 1150 2563 in
1175 2538 1293 2573 operas
1317 2525 1481 2571 plurimas
1495 2522 1574 2573 pie·

115 2574 191 2609 tatIS
209 2601 219 2614 ‚
244 2577 275 2611 δι
294 2576 531 2613 misericordiae
548 2605 557 2619 ,
580 2591 660 2625 quas
677 2589 831 2615 numerat
855 2580 1038 2625 Episcopus
1054 2604 1064 2617 ,
1088 2577 1175 2611 itaut
1191 2576 1392 2609 alterutrum
1412 2570 1515 2622 deseri
1534 2570 1576 2603 ab

113 2622 284 2658 sodalitio
309 2626 436 2659 neceise
460 2624 522 2664 sit,
548 2635 604 2661 aut
629 2627 874 2672 reparationem
897 2626 1070 2661 Altarium
1089 2651 1098 2663 ,
1121 2632 1179 2657 aut
1203 2632 1329 2667 operas
1352 2620 1487 2667 pietatis
1506 2642 1527 2667 ,λ
1542 2617 1574 2651 &

111 2668 368 2707 misericordiae:
398 2671 557 2718 Denique
573 2673 649 2708 satis
671 2674 889 2713 consultum,
916 2683 1119 2718 cantumque
1134 2668 1197 2704 esse
1220 2668 1357 2717 dotium
1385 2664 1574 2714 praestatio-

111 2717 212 2751 nibus
229 2743 238 2755 ,
265 2727 333 2753 tuin
346 2721 496 2766 gerierali
523 2721 738 2766 obligatione
765 2722 925 2756 bonorum
943 2719 1102 2756 Sodalitii
1119 2745 1129 2758 ‚
1154 2727 1226 2762 quae
1251 2717 1385 2763 pridem
1414 2723 1484 2749 non
1506 2712 1575 2762 'Ob-

112 2763 360 2812 stringebantur
374 2793 382 2805 2
409 2779 481 2802 inm
499 2764 634 2814 speciali
650 2768 847 2815 hypotheca
861 2768 954 2803 fundi
969 2766 1091 2814 optimi
1111 2763 1279 2803 maximi,
1305 2763 1404 2805 cuius
1421 2767 1575 2839 prethum

256 2818 343 2848 TGT'J·
357 2822 368 2846 ’ἱ
380 2821 394 2845 ri*
409 2843 414 2848 .
1025 2814 1058 2848 G
1085 2823 1105 2848 2
1484 2817 1501 2839 e
