<?xml version="1.0" encoding="UTF-8"?>
<!DOCTYPE html PUBLIC "-//W3C//DTD XHTML 1.0 Transitional//EN"
    "http://www.w3.org/TR/xhtml1/DTD/xhtml1-transitional.dtd">
<html xmlns="http://www.w3.org/1999/xhtml" xml:lang="en" lang="en">
 <head>
  <title>
</title>
<meta http-equiv="Content-Type" content="text/html;charset=utf-8" />
  <meta name='ocr-system' content='tesseract 3.04.00' />
  <meta name='ocr-capabilities' content='ocr_page ocr_carea ocr_par ocr_line ocrx_word'/>
</head>
<body>
  <div class='ocr_page' id='page_1' title='image "./thesaurusresolut18cath_0316.png"; bbox 0 0 1978 3017; ppageno 0'>
   <div class='ocr_carea' id='block_1_1' title="bbox 352 145 1755 229">
    <p class='ocr_par' dir='ltr' id='par_1_1' title="bbox 352 145 1755 229">
     <span class='ocr_line' id='line_1_1' title="bbox 352 145 1755 229; baseline -0.022 -10"><span class='ocrx_word' id='word_1_1' title='bbox 352 145 473 229; x_wconf 54' lang='grc' dir='ltr'>,Λξισβῑ</span> <span class='ocrx_word' id='word_1_2' title='bbox 493 180 721 224; x_wconf 75' lang='lat' dir='ltr'>consulendum</span> <span class='ocrx_word' id='word_1_3' title='bbox 748 170 948 214; x_wconf 61' lang='lat' dir='ltr'>Sanbh&#39;fflmo</span> <span class='ocrx_word' id='word_1_4' title='bbox 969 175 1035 215; x_wconf 81' lang='lat' dir='ltr'>pro</span> <span class='ocrx_word' id='word_1_5' title='bbox 1058 156 1323 200; x_wconf 63' lang='lat' dir='ltr'>c0n2}·.·t.rtatio›2e</span> <span class='ocrx_word' id='word_1_6' title='bbox 1347 159 1498 201; x_wconf 76' lang='lat' dir='ltr'>beneficii</span> <span class='ocrx_word' id='word_1_7' title='bbox 1513 161 1547 194; x_wconf 83' lang='lat' dir='ltr'>in</span> <span class='ocrx_word' id='word_1_8' title='bbox 1578 162 1653 203; x_wconf 61' lang='lat' dir='ltr'>msa</span> <span class='ocrx_word' id='word_1_9' title='bbox 1677 163 1755 197; x_wconf 54' lang='lat'>(55.</span> 
     </span>
    </p>
   </div>
   <div class='ocr_carea' id='block_1_2' title="bbox 440 254 1490 314">
    <p class='ocr_par' dir='ltr' id='par_1_2' title="bbox 440 254 1490 314">
     <span class='ocr_line' id='line_1_2' title="bbox 440 254 1490 314; baseline -0.025 0"><span class='ocrx_word' id='word_1_10' title='bbox 440 274 657 314; x_wconf 79' lang='lat' dir='ltr'>Affirmative</span> <span class='ocrx_word' id='word_1_11' title='bbox 674 268 770 304; x_wconf 63' lang='lat' dir='ltr'>aufio</span> <span class='ocrx_word' id='word_1_12' title='bbox 794 274 937 300; x_wconf 80' lang='lat' dir='ltr'>numero</span> <span class='ocrx_word' id='word_1_13' title='bbox 954 259 1129 297; x_wconf 77' lang='lat' dir='ltr'>Miffarum</span> <span class='ocrx_word' id='word_1_14' title='bbox 1154 255 1298 293; x_wconf 82' lang='lat' dir='ltr'>arbitrio</span> <span class='ocrx_word' id='word_1_15' title='bbox 1310 254 1464 302; x_wconf 78' lang='lat' dir='ltr'><strong>Episcopi</strong></span> <span class='ocrx_word' id='word_1_16' title='bbox 1478 276 1490 287; x_wconf 83' lang='lat'><strong>.</strong></span> 
     </span>
    </p>
   </div>
   <div class='ocr_carea' id='block_1_3' title="bbox 36 347 1856 927">
    <p class='ocr_par' dir='ltr' id='par_1_3' title="bbox 36 347 1847 482">
     <span class='ocr_line' id='line_1_3' title="bbox 58 347 1847 431; baseline -0.016 -19"><span class='ocrx_word' id='word_1_17' title='bbox 58 392 130 429; x_wconf 56' lang='lat'>5315</span> <span class='ocrx_word' id='word_1_18' title='bbox 163 395 205 431; x_wconf 77' lang='lat'>24</span> <span class='ocrx_word' id='word_1_19' title='bbox 222 397 237 420; x_wconf 69' lang='lat' dir='ltr'><em>c</em></span> <span class='ocrx_word' id='word_1_20' title='bbox 262 391 314 419; x_wconf 75' lang='lat'>12.</span> <span class='ocrx_word' id='word_1_21' title='bbox 473 366 702 406; x_wconf 82' lang='lat' dir='ltr'><strong>ARSICEN.</strong></span> <span class='ocrx_word' id='word_1_22' title='bbox 727 356 1064 397; x_wconf 78' lang='lat' dir='ltr'>RESIDENTIAE:</span> <span class='ocrx_word' id='word_1_23' title='bbox 1091 352 1250 390; x_wconf 86' lang='lat' dir='ltr'>Definita</span> <span class='ocrx_word' id='word_1_24' title='bbox 1263 350 1412 388; x_wconf 78' lang='lat' dir='ltr'>fuithaec</span> <span class='ocrx_word' id='word_1_25' title='bbox 1434 347 1595 384; x_wconf 86' lang='lat' dir='ltr'>Causain</span> <span class='ocrx_word' id='word_1_26' title='bbox 1613 351 1847 395; x_wconf 54' lang='lat' dir='ltr'>Cos-,gregatim</span> 
     </span>
     <span class='ocr_line' id='line_1_4' title="bbox 36 373 1845 482; baseline -0.024 -15"><span class='ocrx_word' id='word_1_27' title='bbox 36 438 75 472; x_wconf 49' lang='grc' dir='ltr'>Α(</span> <span class='ocrx_word' id='word_1_28' title='bbox 95 436 164 482; x_wconf 61' lang='lat' dir='ltr'>Res,</span> <span class='ocrx_word' id='word_1_29' title='bbox 347 373 452 459; x_wconf 84' lang='lat' dir='ltr'>M</span> <span class='ocrx_word' id='word_1_30' title='bbox 482 433 520 454; x_wconf 80' lang='lat' dir='ltr'>ne</span> <span class='ocrx_word' id='word_1_31' title='bbox 535 415 653 452; x_wconf 85' lang='lat' dir='ltr'>habita</span> <span class='ocrx_word' id='word_1_32' title='bbox 677 415 730 448; x_wconf 79' lang='lat' dir='ltr'>die</span> <span class='ocrx_word' id='word_1_33' title='bbox 759 418 812 443; x_wconf 74' lang='lat'>22.</span> <span class='ocrx_word' id='word_1_34' title='bbox 839 405 994 444; x_wconf 69' lang='lat' dir='ltr'>transaffl</span> <span class='ocrx_word' id='word_1_35' title='bbox 1022 401 1140 438; x_wconf 82' lang='lat' dir='ltr'>mensis</span> <span class='ocrx_word' id='word_1_36' title='bbox 1169 402 1357 445; x_wconf 67' lang='lat' dir='ltr'>‘’J-anuarii:</span> <span class='ocrx_word' id='word_1_37' title='bbox 1383 398 1529 433; x_wconf 84' lang='lat' dir='ltr'>Duobus</span> <span class='ocrx_word' id='word_1_38' title='bbox 1553 395 1646 430; x_wconf 87' lang='lat' dir='ltr'>enim</span> <span class='ocrx_word' id='word_1_39' title='bbox 1667 394 1845 441; x_wconf 64' lang='lat' dir='ltr'>propositis</span> 
     </span>
    </p>

    <p class='ocr_par' dir='ltr' id='par_1_4' title="bbox 394 441 1847 504">
     <span class='ocr_line' id='line_1_5' title="bbox 394 441 1847 504; baseline -0.019 -1"><span class='ocrx_word' id='word_1_40' title='bbox 394 465 527 504; x_wconf 86' lang='lat' dir='ltr'>Dubiis</span> <span class='ocrx_word' id='word_1_41' title='bbox 542 492 549 498; x_wconf 92' lang='lat'><strong>.</strong></span> <span class='ocrx_word' id='word_1_42' title='bbox 568 489 590 503; x_wconf 85' lang='lat'>‚,</span> <span class='ocrx_word' id='word_1_43' title='bbox 616 461 644 495; x_wconf 86' lang='lat' dir='ltr'>l.</span> <span class='ocrx_word' id='word_1_44' title='bbox 661 462 718 494; x_wconf 92' lang='lat' dir='ltr'>An</span> <span class='ocrx_word' id='word_1_45' title='bbox 734 455 891 496; x_wconf 83' lang='lat' dir='ltr'>Sacerdos</span> <span class='ocrx_word' id='word_1_46' title='bbox 909 451 1064 498; x_wconf 83' lang='lat' dir='ltr'>Angelus</span> <span class='ocrx_word' id='word_1_47' title='bbox 1081 448 1195 484; x_wconf 84' lang='lat' dir='ltr'>Maria</span> <span class='ocrx_word' id='word_1_48' title='bbox 1208 446 1375 481; x_wconf 87' lang='lat' dir='ltr'>Vendetti</span> <span class='ocrx_word' id='word_1_49' title='bbox 1388 444 1586 480; x_wconf 80' lang='lat' dir='ltr'>canonicus</span> <span class='ocrx_word' id='word_1_50' title='bbox 1601 441 1752 477; x_wconf 64' lang='lat' dir='ltr'>Ecclesiae</span> <span class='ocrx_word' id='word_1_51' title='bbox 1762 442 1847 476; x_wconf 85' lang='lat' dir='ltr'>Col-</span> 
     </span>
    </p>

    <p class='ocr_par' dir='ltr' id='par_1_5' title="bbox 394 488 1856 927">
     <span class='ocr_line' id='line_1_6' title="bbox 394 488 1848 559; baseline -0.019 -9"><span class='ocrx_word' id='word_1_52' title='bbox 394 540 418 555; x_wconf 81' lang='lat'><strong><em>„</em></strong></span> <span class='ocrx_word' id='word_1_53' title='bbox 445 513 576 559; x_wconf 73' lang='lat' dir='ltr'>legiatae</span> <span class='ocrx_word' id='word_1_54' title='bbox 591 509 623 543; x_wconf 85' lang='lat' dir='ltr'>S.</span> <span class='ocrx_word' id='word_1_55' title='bbox 638 504 800 541; x_wconf 66' lang='lat' dir='ltr'>Victoriae</span> <span class='ocrx_word' id='word_1_56' title='bbox 816 501 936 536; x_wconf 77' lang='lat' dir='ltr'>Terrae</span> <span class='ocrx_word' id='word_1_57' title='bbox 948 498 1126 533; x_wconf 90' lang='lat' dir='ltr'>Cellarum</span> <span class='ocrx_word' id='word_1_58' title='bbox 1146 522 1155 535; x_wconf 87' lang='lat'><strong>,</strong></span> <span class='ocrx_word' id='word_1_59' title='bbox 1180 493 1247 528; x_wconf 86' lang='lat' dir='ltr'>slve</span> <span class='ocrx_word' id='word_1_60' title='bbox 1270 492 1511 528; x_wconf 86' lang='lat' dir='ltr'>Carseolorum</span> <span class='ocrx_word' id='word_1_61' title='bbox 1539 489 1720 526; x_wconf 75' lang='lat' dir='ltr'>Marsscen.</span> <span class='ocrx_word' id='word_1_62' title='bbox 1739 488 1848 524; x_wconf 79' lang='lat' dir='ltr'>Dioe-</span> 
     </span>
     <span class='ocr_line' id='line_1_7' title="bbox 396 537 1850 602; baseline -0.019 -7"><span class='ocrx_word' id='word_1_63' title='bbox 396 588 420 602; x_wconf 86' lang='lat'>‚‚</span> <span class='ocrx_word' id='word_1_64' title='bbox 444 559 523 596; x_wconf 80' lang='lat' dir='ltr'>cesis</span> <span class='ocrx_word' id='word_1_65' title='bbox 540 562 697 592; x_wconf 87' lang='lat' dir='ltr'>teneatur</span> <span class='ocrx_word' id='word_1_66' title='bbox 713 549 875 587; x_wconf 82' lang='lat' dir='ltr'>residere,</span> <span class='ocrx_word' id='word_1_67' title='bbox 904 548 935 582; x_wconf 75' lang='grc' dir='ltr'>δι</span> <span class='ocrx_word' id='word_1_68' title='bbox 951 548 987 581; x_wconf 92' lang='lat' dir='ltr'>in</span> <span class='ocrx_word' id='word_1_69' title='bbox 1011 546 1132 580; x_wconf 88' lang='lat' dir='ltr'>eadem</span> <span class='ocrx_word' id='word_1_70' title='bbox 1149 540 1347 586; x_wconf 74' lang='lat' dir='ltr'>collegiata</span> <span class='ocrx_word' id='word_1_71' title='bbox 1366 551 1430 575; x_wconf 85' lang='lat' dir='ltr'>una</span> <span class='ocrx_word' id='word_1_72' title='bbox 1454 549 1529 573; x_wconf 83' lang='lat' dir='ltr'>cum</span> <span class='ocrx_word' id='word_1_73' title='bbox 1557 537 1850 582; x_wconf 83' lang='lat' dir='ltr'>Archipresbyte-</span> 
     </span>
     <span class='ocr_line' id='line_1_8' title="bbox 397 580 1850 650; baseline -0.02 -6"><span class='ocrx_word' id='word_1_74' title='bbox 397 606 420 650; x_wconf 42' lang='lat'>,⁷,</span> <span class='ocrx_word' id='word_1_75' title='bbox 447 618 508 646; x_wconf 82' lang='lat' dir='ltr'>ro,</span> <span class='ocrx_word' id='word_1_76' title='bbox 533 604 589 640; x_wconf 90' lang='lat' dir='ltr'>seu</span> <span class='ocrx_word' id='word_1_77' title='bbox 606 601 751 637; x_wconf 69' lang='lat' dir='ltr'>Rectore</span> <span class='ocrx_word' id='word_1_78' title='bbox 767 623 776 637; x_wconf 91' lang='lat'>‚</span> <span class='ocrx_word' id='word_1_79' title='bbox 803 595 948 641; x_wconf 90' lang='lat' dir='ltr'>aliisque</span> <span class='ocrx_word' id='word_1_80' title='bbox 962 590 1152 628; x_wconf 86' lang='lat' dir='ltr'>Canonicis</span> <span class='ocrx_word' id='word_1_81' title='bbox 1168 600 1283 624; x_wconf 88' lang='lat' dir='ltr'>curam</span> <span class='ocrx_word' id='word_1_82' title='bbox 1311 589 1515 623; x_wconf 83' lang='lat' dir='ltr'>Animarum</span> <span class='ocrx_word' id='word_1_83' title='bbox 1543 585 1676 620; x_wconf 71' lang='lat' dir='ltr'>insimul</span> <span class='ocrx_word' id='word_1_84' title='bbox 1703 580 1850 617; x_wconf 80' lang='lat' dir='ltr'>admini-</span> 
     </span>
     <span class='ocr_line' id='line_1_9' title="bbox 397 630 1851 696; baseline -0.019 -6"><span class='ocrx_word' id='word_1_85' title='bbox 397 680 420 696; x_wconf 87' lang='lat'>‚‚</span> <span class='ocrx_word' id='word_1_86' title='bbox 444 651 621 690; x_wconf 81' lang='lat' dir='ltr'>strantibus</span> <span class='ocrx_word' id='word_1_87' title='bbox 643 644 857 684; x_wconf 74' lang='lat' dir='ltr'>parochialia</span> <span class='ocrx_word' id='word_1_88' title='bbox 872 652 1014 678; x_wconf 88' lang='lat' dir='ltr'>munera</span> <span class='ocrx_word' id='word_1_89' title='bbox 1028 648 1190 677; x_wconf 83' lang='lat' dir='ltr'>exercere</span> <span class='ocrx_word' id='word_1_90' title='bbox 1205 662 1215 676; x_wconf 89' lang='lat'>,</span> <span class='ocrx_word' id='word_1_91' title='bbox 1242 644 1344 682; x_wconf 84' lang='lat' dir='ltr'>atque</span> <span class='ocrx_word' id='word_1_92' title='bbox 1362 634 1502 670; x_wconf 79' lang='lat' dir='ltr'>Divinis</span> <span class='ocrx_word' id='word_1_93' title='bbox 1516 631 1647 667; x_wconf 82' lang='lat' dir='ltr'>Officiis</span> <span class='ocrx_word' id='word_1_94' title='bbox 1663 630 1804 665; x_wconf 80' lang='lat' dir='ltr'>affistere</span> <span class='ocrx_word' id='word_1_95' title='bbox 1816 630 1851 663; x_wconf 85' lang='lat' dir='ltr'>in</span> 
     </span>
     <span class='ocr_line' id='line_1_10' title="bbox 398 676 1855 743; baseline -0.02 -5"><span class='ocrx_word' id='word_1_96' title='bbox 398 727 422 743; x_wconf 83' lang='lat'><strong>„</strong></span> <span class='ocrx_word' id='word_1_97' title='bbox 449 700 525 737; x_wconf 89' lang='lat' dir='ltr'>casu</span> <span class='ocrx_word' id='word_1_98' title='bbox 548 700 612 734; x_wconf 72' lang='grc' dir='ltr'>ἃς.</span> <span class='ocrx_word' id='word_1_99' title='bbox 628 701 672 734; x_wconf 58' lang='lat'>&amp;⁹</span> <span class='ocrx_word' id='word_1_100' title='bbox 699 702 867 741; x_wconf 77' lang='lat' dir='ltr'>quatenus</span> <span class='ocrx_word' id='word_1_101' title='bbox 895 690 1124 734; x_wconf 77' lang='lat' dir='ltr'>affirmative.</span> <span class='ocrx_word' id='word_1_102' title='bbox 1152 683 1198 720; x_wconf 81' lang='lat'>11.</span> <span class='ocrx_word' id='word_1_103' title='bbox 1214 683 1296 722; x_wconf 84' lang='lat' dir='ltr'>An,</span> <span class='ocrx_word' id='word_1_104' title='bbox 1325 685 1356 719; x_wconf 76' lang='grc' dir='ltr'>δι</span> <span class='ocrx_word' id='word_1_105' title='bbox 1371 694 1389 716; x_wconf 84' lang='lat' dir='ltr'>a</span> <span class='ocrx_word' id='word_1_106' title='bbox 1411 692 1477 728; x_wconf 89' lang='lat' dir='ltr'>quo</span> <span class='ocrx_word' id='word_1_107' title='bbox 1502 688 1653 725; x_wconf 87' lang='lat' dir='ltr'>tempore</span> <span class='ocrx_word' id='word_1_108' title='bbox 1679 679 1764 714; x_wconf 88' lang='lat' dir='ltr'>idem</span> <span class='ocrx_word' id='word_1_109' title='bbox 1779 676 1855 710; x_wconf 61' lang='lat' dir='ltr'>Ca«</span> 
     </span>
     <span class='ocr_line' id='line_1_11' title="bbox 398 726 1856 789; baseline -0.019 -4"><span class='ocrx_word' id='word_1_110' title='bbox 398 760 426 789; x_wconf 87' lang='lat' dir='ltr'>r,</span> <span class='ocrx_word' id='word_1_111' title='bbox 451 748 596 787; x_wconf 88' lang='lat' dir='ltr'>nonicus</span> <span class='ocrx_word' id='word_1_112' title='bbox 611 739 773 779; x_wconf 86' lang='lat' dir='ltr'>Vendetti</span> <span class='ocrx_word' id='word_1_113' title='bbox 794 740 839 774; x_wconf 91' lang='lat' dir='ltr'>ob</span> <span class='ocrx_word' id='word_1_114' title='bbox 853 737 924 780; x_wconf 86' lang='lat' dir='ltr'>ejus</span> <span class='ocrx_word' id='word_1_115' title='bbox 942 734 1128 770; x_wconf 81' lang='lat' dir='ltr'>absentiam</span> <span class='ocrx_word' id='word_1_116' title='bbox 1152 740 1308 767; x_wconf 83' lang='lat' dir='ltr'>teneatur</span> <span class='ocrx_word' id='word_1_117' title='bbox 1334 729 1504 765; x_wconf 80' lang='lat' dir='ltr'>restituere</span> <span class='ocrx_word' id='word_1_118' title='bbox 1530 726 1651 762; x_wconf 68' lang='lat' dir='ltr'>fructus</span> <span class='ocrx_word' id='word_1_119' title='bbox 1678 733 1856 772; x_wconf 82' lang='lat' dir='ltr'>perceptos</span> 
     </span>
     <span class='ocr_line' id='line_1_12' title="bbox 399 772 1854 838; baseline -0.018 -7"><span class='ocrx_word' id='word_1_120' title='bbox 399 822 426 838; x_wconf 77' lang='lat'>‚‚</span> <span class='ocrx_word' id='word_1_121' title='bbox 449 792 637 830; x_wconf 74' lang='lat' dir='ltr'>Praebendae</span> <span class='ocrx_word' id='word_1_122' title='bbox 651 785 894 824; x_wconf 76' lang='lat' dir='ltr'>canonicalis,</span> <span class='ocrx_word' id='word_1_123' title='bbox 919 784 950 818; x_wconf 86' lang='lat'>&amp;</span> <span class='ocrx_word' id='word_1_124' title='bbox 965 782 1216 817; x_wconf 83' lang='lat' dir='ltr'>distributiones</span> <span class='ocrx_word' id='word_1_125' title='bbox 1241 776 1358 813; x_wconf 74' lang='lat' dir='ltr'>Mass&#39;ae</span> <span class='ocrx_word' id='word_1_126' title='bbox 1381 774 1566 811; x_wconf 84' lang='lat' dir='ltr'>communis</span> <span class='ocrx_word' id='word_1_127' title='bbox 1592 775 1627 809; x_wconf 91' lang='lat' dir='ltr'>in</span> <span class='ocrx_word' id='word_1_128' title='bbox 1650 772 1727 809; x_wconf 84' lang='lat' dir='ltr'>casu</span> <span class='ocrx_word' id='word_1_129' title='bbox 1752 772 1816 806; x_wconf 87' lang='lat' dir='ltr'>&amp;c.</span> <span class='ocrx_word' id='word_1_130' title='bbox 1831 795 1854 810; x_wconf 63' lang='lat'>³,</span> 
     </span>
     <span class='ocr_line' id='line_1_13' title="bbox 547 820 1856 874; baseline -0.015 1"><span class='ocrx_word' id='word_1_131' title='bbox 547 841 571 874; x_wconf 83' lang='lat' dir='ltr'>&#39;t</span> <span class='ocrx_word' id='word_1_132' title='bbox 595 840 730 873; x_wconf 84' lang='lat' dir='ltr'>Sacrum</span> <span class='ocrx_word' id='word_1_133' title='bbox 753 831 952 868; x_wconf 86' lang='lat' dir='ltr'>Tribunal:</span> <span class='ocrx_word' id='word_1_134' title='bbox 980 831 1040 864; x_wconf 70' lang='lat' dir='ltr'>Ad</span> <span class='ocrx_word' id='word_1_135' title='bbox 1053 833 1077 862; x_wconf 91' lang='grc' dir='ltr'>Ι.</span> <span class='ocrx_word' id='word_1_136' title='bbox 1103 827 1268 873; x_wconf 82' lang='lat' dir='ltr'>negative</span> <span class='ocrx_word' id='word_1_137' title='bbox 1283 851 1292 860; x_wconf 87' lang='lat'><strong>.</strong></span> <span class='ocrx_word' id='word_1_138' title='bbox 1315 826 1376 860; x_wconf 56' lang='lat' dir='ltr'>„Ad</span> <span class='ocrx_word' id='word_1_139' title='bbox 1390 827 1433 856; x_wconf 89' lang='lat' dir='ltr'>II.</span> <span class='ocrx_word' id='word_1_140' title='bbox 1459 822 1642 864; x_wconf 75' lang='lat' dir='ltr'>&#39;Provifitm</span> <span class='ocrx_word' id='word_1_141' title='bbox 1655 824 1689 856; x_wconf 84' lang='lat' dir='ltr'>in</span> <span class='ocrx_word' id='word_1_142' title='bbox 1709 820 1827 867; x_wconf 76' lang='lat' dir='ltr'>primo</span> <span class='ocrx_word' id='word_1_143' title='bbox 1848 842 1856 855; x_wconf 52' lang='grc' dir='ltr'><strong><em>α</em></strong></span> 
     </span>
     <span class='ocr_line' id='line_1_14' title="bbox 397 866 1685 927; baseline -0.02 0"><span class='ocrx_word' id='word_1_144' title='bbox 397 891 455 927; x_wconf 85' lang='lat' dir='ltr'>Ad</span> <span class='ocrx_word' id='word_1_145' title='bbox 471 900 595 925; x_wconf 89' lang='lat' dir='ltr'>novum</span> <span class='ocrx_word' id='word_1_146' title='bbox 607 885 704 922; x_wconf 86' lang='lat' dir='ltr'>venit</span> <span class='ocrx_word' id='word_1_147' title='bbox 728 892 818 917; x_wconf 87' lang='lat' dir='ltr'>nunc</span> <span class='ocrx_word' id='word_1_148' title='bbox 832 881 903 914; x_wconf 78' lang='lat' dir='ltr'>haec</span> <span class='ocrx_word' id='word_1_149' title='bbox 930 873 1225 916; x_wconf 87' lang='lat' dir='ltr'>CausaJudicium</span> <span class='ocrx_word' id='word_1_150' title='bbox 1240 897 1250 911; x_wconf 88' lang='lat'>‚</span> <span class='ocrx_word' id='word_1_151' title='bbox 1277 872 1308 907; x_wconf 71' lang='grc' dir='ltr'>δι</span> <span class='ocrx_word' id='word_1_152' title='bbox 1335 868 1601 915; x_wconf 85' lang='lat' dir='ltr'>respondendum</span> <span class='ocrx_word' id='word_1_153' title='bbox 1613 866 1659 902; x_wconf 88' lang='lat' dir='ltr'>est</span> <span class='ocrx_word' id='word_1_154' title='bbox 1677 890 1685 900; x_wconf 94' lang='lat'>.</span> 
     </span>
    </p>
   </div>
   <div class='ocr_carea' id='block_1_4' title="bbox 350 921 1387 982">
    <p class='ocr_par' dir='ltr' id='par_1_6' title="bbox 350 921 1387 982">
     <span class='ocr_line' id='line_1_15' title="bbox 350 921 1387 982; baseline -0.022 -7"><span class='ocrx_word' id='word_1_155' title='bbox 350 940 412 979; x_wconf 58' lang='lat' dir='ltr'>{An</span> <span class='ocrx_word' id='word_1_156' title='bbox 425 938 631 982; x_wconf 75' lang='lat' dir='ltr'>fitstandum</span> <span class='ocrx_word' id='word_1_157' title='bbox 646 959 657 973; x_wconf 88' lang='lat'>‚</span> <span class='ocrx_word' id='word_1_158' title='bbox 685 931 745 967; x_wconf 73' lang='lat' dir='ltr'>vel</span> <span class='ocrx_word' id='word_1_159' title='bbox 760 926 979 965; x_wconf 74' lang='lat' dir='ltr'>recedendum</span> <span class='ocrx_word' id='word_1_160' title='bbox 994 936 1014 958; x_wconf 89' lang='lat' dir='ltr'><em>a</em></span> <span class='ocrx_word' id='word_1_161' title='bbox 1041 922 1155 966; x_wconf 82' lang='lat' dir='ltr'>decisis</span> <span class='ocrx_word' id='word_1_162' title='bbox 1171 925 1206 958; x_wconf 80' lang='lat' dir='ltr'>in</span> <span class='ocrx_word' id='word_1_163' title='bbox 1222 921 1296 965; x_wconf 74' lang='lat' dir='ltr'>casn</span> <span class='ocrx_word' id='word_1_164' title='bbox 1313 924 1387 956; x_wconf 62' lang='lat' dir='ltr'>&amp;a</span> 
     </span>
    </p>
   </div>
   <div class='ocr_carea' id='block_1_5' title="bbox 448 1025 871 1072">
    <p class='ocr_par' dir='ltr' id='par_1_7' title="bbox 448 1025 871 1072">
     <span class='ocr_line' id='line_1_16' title="bbox 448 1025 871 1072; baseline -0.026 -5"><span class='ocrx_word' id='word_1_165' title='bbox 448 1030 574 1066; x_wconf 80' lang='lat' dir='ltr'>Dilata</span> <span class='ocrx_word' id='word_1_166' title='bbox 595 1029 636 1062; x_wconf 89' lang='lat' dir='ltr'>ad</span> <span class='ocrx_word' id='word_1_167' title='bbox 651 1025 847 1072; x_wconf 86' lang='lat' dir='ltr'><strong>sequentem</strong></span> <span class='ocrx_word' id='word_1_168' title='bbox 862 1048 871 1057; x_wconf 87' lang='lat'>.</span> 
     </span>
    </p>
   </div>
   <div class='ocr_carea' id='block_1_6' title="bbox 42 1109 1863 1416">
    <p class='ocr_par' dir='ltr' id='par_1_8' title="bbox 42 1109 1863 1416">
     <span class='ocr_line' id='line_1_17' title="bbox 65 1109 1859 1175; baseline -0.012 -12"><span class='ocrx_word' id='word_1_169' title='bbox 65 1135 270 1175; x_wconf 65' lang='lat' dir='ltr'>Sest,7,c.8,</span> <span class='ocrx_word' id='word_1_170' title='bbox 281 1133 319 1167; x_wconf 71' lang='lat' dir='ltr'>de</span> <span class='ocrx_word' id='word_1_171' title='bbox 461 1122 641 1160; x_wconf 84' lang='lat' dir='ltr'><strong>OLANA</strong></span> <span class='ocrx_word' id='word_1_172' title='bbox 669 1119 754 1154; x_wconf 84' lang='lat' dir='ltr'>Haec</span> <span class='ocrx_word' id='word_1_173' title='bbox 784 1116 888 1152; x_wconf 86' lang='lat' dir='ltr'>etiam</span> <span class='ocrx_word' id='word_1_174' title='bbox 911 1114 1026 1151; x_wconf 85' lang='lat' dir='ltr'>Causa</span> <span class='ocrx_word' id='word_1_175' title='bbox 1042 1114 1120 1149; x_wconf 84' lang='lat' dir='ltr'>data</span> <span class='ocrx_word' id='word_1_176' title='bbox 1141 1112 1209 1149; x_wconf 82' lang='lat' dir='ltr'>fuit</span> <span class='ocrx_word' id='word_1_177' title='bbox 1225 1113 1260 1148; x_wconf 87' lang='lat' dir='ltr'>in</span> <span class='ocrx_word' id='word_1_178' title='bbox 1285 1112 1401 1146; x_wconf 88' lang='lat' dir='ltr'>eadem</span> <span class='ocrx_word' id='word_1_179' title='bbox 1429 1112 1690 1156; x_wconf 77' lang='lat' dir='ltr'>Congregatione</span> <span class='ocrx_word' id='word_1_180' title='bbox 1706 1109 1774 1144; x_wconf 82' lang='lat' dir='ltr'>diei</span> <span class='ocrx_word' id='word_1_181' title='bbox 1801 1117 1859 1143; x_wconf 85' lang='lat'>22.</span> 
     </span>
     <span class='ocr_line' id='line_1_18' title="bbox 43 1155 1861 1226; baseline -0.016 -8"><span class='ocrx_word' id='word_1_182' title='bbox 43 1184 115 1225; x_wconf 73' lang='lat' dir='ltr'>Ref-</span> <span class='ocrx_word' id='word_1_183' title='bbox 132 1182 213 1226; x_wconf 69' lang='lat' dir='ltr'>Sessv</span> <span class='ocrx_word' id='word_1_184' title='bbox 231 1191 317 1214; x_wconf 80' lang='lat' dir='ltr'>21.c.</span> <span class='ocrx_word' id='word_1_185' title='bbox 473 1170 593 1207; x_wconf 72' lang='lat' dir='ltr'>mensis</span> <span class='ocrx_word' id='word_1_186' title='bbox 610 1168 778 1213; x_wconf 54' lang='lat' dir='ltr'>{Jantaearii</span> <span class='ocrx_word' id='word_1_187' title='bbox 801 1162 981 1203; x_wconf 72' lang='lat' dir='ltr'>transacti,</span> <span class='ocrx_word' id='word_1_188' title='bbox 1001 1161 1058 1198; x_wconf 88' lang='lat' dir='ltr'>sed</span> <span class='ocrx_word' id='word_1_189' title='bbox 1091 1160 1234 1195; x_wconf 75' lang='lat' dir='ltr'>definita</span> <span class='ocrx_word' id='word_1_190' title='bbox 1259 1170 1329 1194; x_wconf 86' lang='lat' dir='ltr'>non</span> <span class='ocrx_word' id='word_1_191' title='bbox 1353 1157 1418 1193; x_wconf 88' lang='lat' dir='ltr'>fuit</span> <span class='ocrx_word' id='word_1_192' title='bbox 1435 1183 1446 1197; x_wconf 88' lang='lat'>,</span> <span class='ocrx_word' id='word_1_193' title='bbox 1471 1155 1735 1192; x_wconf 81' lang='lat' dir='ltr'>rescribentibus</span> <span class='ocrx_word' id='word_1_194' title='bbox 1762 1155 1861 1191; x_wconf 78' lang='lat' dir='ltr'>Emi-</span> 
     </span>
     <span class='ocr_line' id='line_1_19' title="bbox 42 1201 1860 1274; baseline -0.015 -12"><span class='ocrx_word' id='word_1_195' title='bbox 42 1228 62 1263; x_wconf 80' lang='lat'>8</span> <span class='ocrx_word' id='word_1_196' title='bbox 94 1232 130 1264; x_wconf 80' lang='lat' dir='ltr'>de</span> <span class='ocrx_word' id='word_1_197' title='bbox 149 1228 216 1274; x_wconf 74' lang='lat' dir='ltr'>Ref.</span> <span class='ocrx_word' id='word_1_198' title='bbox 234 1227 319 1270; x_wconf 74' lang='lat' dir='ltr'>Seſs.</span> <span class='ocrx_word' id='word_1_199' title='bbox 397 1219 598 1258; x_wconf 81' lang='lat' dir='ltr'>nentiffimis</span> <span class='ocrx_word' id='word_1_200' title='bbox 611 1214 767 1251; x_wconf 87' lang='lat' dir='ltr'>Patribus</span> <span class='ocrx_word' id='word_1_201' title='bbox 786 1225 794 1245; x_wconf 72' lang='grc' dir='ltr'><strong><em>ε</em></strong></span> <span class='ocrx_word' id='word_1_202' title='bbox 822 1212 999 1248; x_wconf 72' lang='lat' dir='ltr'>Dilata&amp;</span> <span class='ocrx_word' id='word_1_203' title='bbox 1023 1216 1269 1257; x_wconf 75' lang='lat' dir='ltr'>reproponatur</span> <span class='ocrx_word' id='word_1_204' title='bbox 1289 1209 1451 1242; x_wconf 78' lang='lat' dir='ltr'>intimato</span> <span class='ocrx_word' id='word_1_205' title='bbox 1485 1201 1641 1251; x_wconf 66' lang='lat' dir='ltr'>Epifiopo</span> <span class='ocrx_word' id='word_1_206' title='bbox 1668 1202 1834 1240; x_wconf 79' lang='lat' dir='ltr'>Litteren.</span> <span class='ocrx_word' id='word_1_207' title='bbox 1849 1229 1860 1244; x_wconf 87' lang='lat'><strong>,</strong></span> 
     </span>
     <span class='ocr_line' id='line_1_20' title="bbox 43 1250 1861 1322; baseline -0.01 -17"><span class='ocrx_word' id='word_1_208' title='bbox 43 1284 85 1322; x_wconf 80' lang='lat'>23</span> <span class='ocrx_word' id='word_1_209' title='bbox 104 1273 316 1320; x_wconf 65' lang='lat' dir='ltr'><em>c,15,deRefi</em></span> <span class='ocrx_word' id='word_1_210' title='bbox 399 1274 443 1307; x_wconf 50' lang='grc' dir='ltr'>ά*</span> <span class='ocrx_word' id='word_1_211' title='bbox 471 1266 614 1316; x_wconf 65' lang='lat' dir='ltr'>praefixo</span> <span class='ocrx_word' id='word_1_212' title='bbox 640 1275 728 1299; x_wconf 80' lang='lat' dir='ltr'>novo</span> <span class='ocrx_word' id='word_1_213' title='bbox 743 1261 973 1310; x_wconf 66' lang='lat' dir='ltr'>peremptorio</span> <span class='ocrx_word' id='word_1_214' title='bbox 1001 1259 1146 1293; x_wconf 83' lang='lat' dir='ltr'>termino</span> <span class='ocrx_word' id='word_1_215' title='bbox 1179 1252 1494 1301; x_wconf 70' lang='lat' dir='ltr'>Archipresbytero</span> <span class='ocrx_word' id='word_1_216' title='bbox 1522 1276 1531 1285; x_wconf 87' lang='lat'>.</span> <span class='ocrx_word' id='word_1_217' title='bbox 1561 1250 1715 1296; x_wconf 87' lang='lat' dir='ltr'>Impletis</span> <span class='ocrx_word' id='word_1_218' title='bbox 1744 1251 1861 1294; x_wconf 85' lang='lat' dir='ltr'>itaque</span> 
     </span>
     <span class='ocr_line' id='line_1_21' title="bbox 43 1297 1863 1369; baseline -0.014 -10"><span class='ocrx_word' id='word_1_219' title='bbox 43 1325 131 1364; x_wconf 75' lang='lat' dir='ltr'>Sefs.</span> <span class='ocrx_word' id='word_1_220' title='bbox 146 1333 199 1369; x_wconf 71' lang='lat'>24.</span> <span class='ocrx_word' id='word_1_221' title='bbox 232 1337 260 1357; x_wconf 81' lang='lat' dir='ltr'>c.</span> <span class='ocrx_word' id='word_1_222' title='bbox 284 1332 320 1366; x_wconf 86' lang='lat'>9.</span> <span class='ocrx_word' id='word_1_223' title='bbox 399 1314 562 1352; x_wconf 85' lang='lat' dir='ltr'>omnibus</span> <span class='ocrx_word' id='word_1_224' title='bbox 580 1338 592 1352; x_wconf 89' lang='lat'>,</span> <span class='ocrx_word' id='word_1_225' title='bbox 614 1322 686 1357; x_wconf 80' lang='lat' dir='ltr'>quae</span> <span class='ocrx_word' id='word_1_226' title='bbox 703 1305 966 1343; x_wconf 80' lang='lat' dir='ltr'>Eminentiffimi</span> <span class='ocrx_word' id='word_1_227' title='bbox 991 1304 1105 1339; x_wconf 84' lang='lat' dir='ltr'>Patres</span> <span class='ocrx_word' id='word_1_228' title='bbox 1123 1300 1309 1346; x_wconf 87' lang='lat' dir='ltr'>jusserunt,</span> <span class='ocrx_word' id='word_1_229' title='bbox 1338 1299 1448 1335; x_wconf 86' lang='lat' dir='ltr'>Causa</span> <span class='ocrx_word' id='word_1_230' title='bbox 1476 1307 1567 1334; x_wconf 89' lang='lat' dir='ltr'>nunc</span> <span class='ocrx_word' id='word_1_231' title='bbox 1591 1297 1837 1345; x_wconf 85' lang='lat' dir='ltr'>reproponitur</span> <span class='ocrx_word' id='word_1_232' title='bbox 1852 1323 1863 1337; x_wconf 92' lang='lat'>,</span> 
     </span>
     <span class='ocr_line' id='line_1_22' title="bbox 42 1347 1863 1416; baseline -0.013 -13"><span class='ocrx_word' id='word_1_233' title='bbox 42 1372 78 1405; x_wconf 67' lang='lat' dir='ltr'>de</span> <span class='ocrx_word' id='word_1_234' title='bbox 95 1369 318 1416; x_wconf 69' lang='lat' dir='ltr'>Rej&#39;.5eſs.25.</span> <span class='ocrx_word' id='word_1_235' title='bbox 398 1365 431 1399; x_wconf 73' lang='grc' dir='ltr'>ἃ</span> <span class='ocrx_word' id='word_1_236' title='bbox 447 1358 639 1397; x_wconf 84' lang='lat' dir='ltr'>definienda</span> <span class='ocrx_word' id='word_1_237' title='bbox 654 1356 731 1391; x_wconf 89' lang='lat' dir='ltr'>sunt</span> <span class='ocrx_word' id='word_1_238' title='bbox 748 1355 814 1391; x_wconf 89' lang='lat' dir='ltr'>lV.</span> <span class='ocrx_word' id='word_1_239' title='bbox 825 1353 952 1399; x_wconf 78' lang='lat' dir='ltr'>Capita</span> <span class='ocrx_word' id='word_1_240' title='bbox 966 1380 977 1395; x_wconf 87' lang='lat'>,</span> <span class='ocrx_word' id='word_1_241' title='bbox 1006 1363 1081 1398; x_wconf 85' lang='lat' dir='ltr'>quae</span> <span class='ocrx_word' id='word_1_242' title='bbox 1094 1350 1130 1387; x_wconf 88' lang='lat' dir='ltr'>in</span> <span class='ocrx_word' id='word_1_243' title='bbox 1143 1349 1260 1385; x_wconf 83' lang='lat' dir='ltr'>eadem</span> <span class='ocrx_word' id='word_1_244' title='bbox 1278 1349 1540 1399; x_wconf 76' lang='lat' dir='ltr'>congregatione</span> <span class='ocrx_word' id='word_1_245' title='bbox 1555 1353 1612 1381; x_wconf 83' lang='lat'>22.</span> <span class='ocrx_word' id='word_1_246' title='bbox 1623 1347 1793 1390; x_wconf 54' lang='lat' dir='ltr'>{tannarii</span> <span class='ocrx_word' id='word_1_247' title='bbox 1804 1347 1863 1380; x_wconf 91' lang='lat' dir='ltr'>de-</span> 
     </span>
    </p>
   </div>
   <div class='ocr_carea' id='block_1_7' title="bbox 43 1405 768 1498">
    <p class='ocr_par' dir='ltr' id='par_1_9' title="bbox 43 1405 768 1498">
     <span class='ocr_line' id='line_1_23' title="bbox 43 1405 768 1498; baseline -0.023 -44"><span class='ocrx_word' id='word_1_248' title='bbox 43 1420 177 1454; x_wconf 60' lang='lat' dir='ltr'>trude</span> <span class='ocrx_word' id='word_1_249' title='bbox 201 1415 323 1463; x_wconf 60' lang='lat' dir='ltr'>ngul·</span> <span class='ocrx_word' id='word_1_250' title='bbox 349 1461 368 1498; x_wconf 60' lang='grc' dir='ltr'>Ι</span> <span class='ocrx_word' id='word_1_251' title='bbox 397 1410 497 1446; x_wconf 86' lang='lat' dir='ltr'>finita</span> <span class='ocrx_word' id='word_1_252' title='bbox 512 1418 584 1444; x_wconf 87' lang='lat' dir='ltr'>non</span> <span class='ocrx_word' id='word_1_253' title='bbox 606 1405 768 1442; x_wconf 84' lang='lat' dir='ltr'>suerunt.</span> 
     </span>
     <span class='ocr_line' id='line_1_24' title="bbox 371 1461 560 1494; baseline -0.021 0"><span class='ocrx_word' id='word_1_254' title='bbox 371 1486 378 1494; x_wconf 90' lang='lat'><em>.</em></span> <span class='ocrx_word' id='word_1_255' title='bbox 407 1464 466 1494; x_wconf 67' lang='lat' dir='ltr'>An</span> <span class='ocrx_word' id='word_1_256' title='bbox 482 1461 560 1494; x_wconf 57' lang='lat' dir='ltr'>&amp;a</span> 
     </span>
    </p>
   </div>
   <div class='ocr_carea' id='block_1_8' title="bbox 400 1534 1862 1652">
    <p class='ocr_par' dir='ltr' id='par_1_10' title="bbox 400 1534 1862 1652">
     <span class='ocr_line' id='line_1_25' title="bbox 448 1534 1862 1595; baseline -0.016 -4"><span class='ocrx_word' id='word_1_257' title='bbox 448 1555 506 1591; x_wconf 90' lang='lat' dir='ltr'>Ad</span> <span class='ocrx_word' id='word_1_258' title='bbox 523 1553 546 1588; x_wconf 89' lang='lat'>1.</span> <span class='ocrx_word' id='word_1_259' title='bbox 568 1552 608 1590; x_wconf 82' lang='lat' dir='ltr'>ln</span> <span class='ocrx_word' id='word_1_260' title='bbox 622 1550 736 1588; x_wconf 82' lang='lat' dir='ltr'>decifis</span> <span class='ocrx_word' id='word_1_261' title='bbox 750 1550 780 1586; x_wconf 79' lang='grc' dir='ltr'>δι</span> <span class='ocrx_word' id='word_1_262' title='bbox 794 1547 938 1595; x_wconf 86' lang='lat' dir='ltr'>amplius</span> <span class='ocrx_word' id='word_1_263' title='bbox 952 1576 961 1583; x_wconf 85' lang='lat'><strong>.</strong></span> <span class='ocrx_word' id='word_1_264' title='bbox 983 1549 1039 1584; x_wconf 90' lang='lat' dir='ltr'>Ad</span> <span class='ocrx_word' id='word_1_265' title='bbox 1054 1546 1100 1582; x_wconf 90' lang='lat'>11.</span> <span class='ocrx_word' id='word_1_266' title='bbox 1112 1544 1287 1588; x_wconf 88' lang='lat' dir='ltr'>Negative</span> <span class='ocrx_word' id='word_1_267' title='bbox 1299 1565 1310 1578; x_wconf 88' lang='grc'><strong><em>.</em></strong></span> <span class='ocrx_word' id='word_1_268' title='bbox 1330 1541 1385 1577; x_wconf 86' lang='lat' dir='ltr'>Ad</span> <span class='ocrx_word' id='word_1_269' title='bbox 1403 1538 1487 1577; x_wconf 72' lang='lat'>111„</span> <span class='ocrx_word' id='word_1_270' title='bbox 1510 1535 1620 1573; x_wconf 83' lang='lat' dir='ltr'>&amp;1v.</span> <span class='ocrx_word' id='word_1_271' title='bbox 1636 1534 1811 1583; x_wconf 86' lang='lat' dir='ltr'>Negative</span> <span class='ocrx_word' id='word_1_272' title='bbox 1823 1535 1862 1570; x_wconf 87' lang='lat' dir='ltr'>ad</span> 
     </span>
     <span class='ocr_line' id='line_1_26' title="bbox 400 1595 1238 1652; baseline -0.012 -14"><span class='ocrx_word' id='word_1_273' title='bbox 400 1602 552 1652; x_wconf 83' lang='lat' dir='ltr'>primam</span> <span class='ocrx_word' id='word_1_274' title='bbox 568 1609 701 1649; x_wconf 85' lang='lat' dir='ltr'>partem</span> <span class='ocrx_word' id='word_1_275' title='bbox 714 1625 725 1639; x_wconf 89' lang='lat'>,</span> <span class='ocrx_word' id='word_1_276' title='bbox 752 1598 960 1634; x_wconf 85' lang='lat' dir='ltr'>affirmative</span> <span class='ocrx_word' id='word_1_277' title='bbox 978 1597 1018 1631; x_wconf 88' lang='lat' dir='ltr'>ad</span> <span class='ocrx_word' id='word_1_278' title='bbox 1032 1595 1214 1631; x_wconf 79' lang='lat' dir='ltr'>secundam</span> <span class='ocrx_word' id='word_1_279' title='bbox 1228 1615 1238 1628; x_wconf 89' lang='grc'><strong><em>.</em></strong></span> 
     </span>
    </p>
   </div>
   <div class='ocr_carea' id='block_1_9' title="bbox 47 1679 1867 2551">
    <p class='ocr_par' dir='ltr' id='par_1_11' title="bbox 47 1679 1867 2551">
     <span class='ocr_line' id='line_1_27' title="bbox 73 1679 1866 1783; baseline -0.017 -41"><span class='ocrx_word' id='word_1_280' title='bbox 73 1707 157 1749; x_wconf 84' lang='lat' dir='ltr'>Sess.</span> <span class='ocrx_word' id='word_1_281' title='bbox 171 1714 228 1740; x_wconf 74' lang='lat'>22.</span> <span class='ocrx_word' id='word_1_282' title='bbox 241 1716 271 1741; x_wconf 85' lang='lat' dir='ltr'>c.</span> <span class='ocrx_word' id='word_1_283' title='bbox 283 1708 321 1739; x_wconf 84' lang='lat'>6.</span> <span class='ocrx_word' id='word_1_284' title='bbox 358 1698 465 1783; x_wconf 85' lang='lat' dir='ltr'>M</span> <span class='ocrx_word' id='word_1_285' title='bbox 484 1688 1188 1733; x_wconf 74' lang='lat' dir='ltr'>EDloLANEN.FUNDAT10N182</span> <span class='ocrx_word' id='word_1_286' title='bbox 1208 1683 1429 1722; x_wconf 65' lang='lat' dir='ltr'>Testamenta&gt;</span> <span class='ocrx_word' id='word_1_287' title='bbox 1441 1693 1507 1729; x_wconf 83' lang='lat' dir='ltr'>quo</span> <span class='ocrx_word' id='word_1_288' title='bbox 1518 1679 1866 1723; x_wconf 76' lang='lat' dir='ltr'>deceffitann01703.</span> 
     </span>
     <span class='ocr_line' id='line_1_28' title="bbox 47 1724 1867 1801; baseline -0.016 -14"><span class='ocrx_word' id='word_1_289' title='bbox 47 1755 85 1792; x_wconf 70' lang='lat' dir='ltr'>de</span> <span class='ocrx_word' id='word_1_290' title='bbox 100 1753 171 1801; x_wconf 68' lang='lat' dir='ltr'>Res.</span> <span class='ocrx_word' id='word_1_291' title='bbox 494 1744 608 1779; x_wconf 83' lang='lat' dir='ltr'>Caesar</span> <span class='ocrx_word' id='word_1_292' title='bbox 623 1743 779 1776; x_wconf 89' lang='lat' dir='ltr'>Perettus</span> <span class='ocrx_word' id='word_1_293' title='bbox 793 1751 917 1785; x_wconf 70' lang='lat' dir='ltr'>gemere</span> <span class='ocrx_word' id='word_1_294' title='bbox 941 1738 1034 1772; x_wconf 81' lang='lat' dir='ltr'>lanio</span> <span class='ocrx_word' id='word_1_295' title='bbox 1053 1763 1061 1776; x_wconf 88' lang='lat'>‚</span> <span class='ocrx_word' id='word_1_296' title='bbox 1091 1734 1224 1781; x_wconf 87' lang='lat' dir='ltr'>scriptis</span> <span class='ocrx_word' id='word_1_297' title='bbox 1240 1732 1433 1768; x_wconf 81' lang='lat' dir='ltr'>haeredibus</span> <span class='ocrx_word' id='word_1_298' title='bbox 1445 1737 1589 1775; x_wconf 85' lang='lat' dir='ltr'>quatuor</span> <span class='ocrx_word' id='word_1_299' title='bbox 1603 1727 1687 1762; x_wconf 86' lang='lat' dir='ltr'>filiis</span> <span class='ocrx_word' id='word_1_300' title='bbox 1701 1750 1711 1764; x_wconf 86' lang='lat'>,</span> <span class='ocrx_word' id='word_1_301' title='bbox 1739 1724 1781 1759; x_wconf 86' lang='lat' dir='ltr'>iis</span> <span class='ocrx_word' id='word_1_302' title='bbox 1809 1724 1867 1758; x_wconf 90' lang='lat' dir='ltr'>in-</span> 
     </span>
     <span class='ocr_line' id='line_1_29' title="bbox 404 1769 1866 1837; baseline -0.016 -9"><span class='ocrx_word' id='word_1_303' title='bbox 404 1792 520 1837; x_wconf 83' lang='lat' dir='ltr'>junxit</span> <span class='ocrx_word' id='word_1_304' title='bbox 533 1801 618 1825; x_wconf 89' lang='lat' dir='ltr'>onus</span> <span class='ocrx_word' id='word_1_305' title='bbox 644 1797 781 1822; x_wconf 86' lang='lat' dir='ltr'>centum</span> <span class='ocrx_word' id='word_1_306' title='bbox 794 1789 971 1821; x_wconf 84' lang='lat' dir='ltr'>Sacrorum</span> <span class='ocrx_word' id='word_1_307' title='bbox 984 1782 1125 1830; x_wconf 76' lang='lat' dir='ltr'>singulis</span> <span class='ocrx_word' id='word_1_308' title='bbox 1140 1780 1235 1817; x_wconf 89' lang='lat' dir='ltr'>annis</span> <span class='ocrx_word' id='word_1_309' title='bbox 1248 1807 1258 1820; x_wconf 87' lang='lat'><em>,</em></span> <span class='ocrx_word' id='word_1_310' title='bbox 1280 1791 1353 1825; x_wconf 83' lang='lat' dir='ltr'>quae</span> <span class='ocrx_word' id='word_1_311' title='bbox 1365 1778 1417 1825; x_wconf 81' lang='lat' dir='ltr'>agi</span> <span class='ocrx_word' id='word_1_312' title='bbox 1434 1775 1549 1812; x_wconf 85' lang='lat' dir='ltr'>voluit</span> <span class='ocrx_word' id='word_1_313' title='bbox 1562 1776 1603 1809; x_wconf 94' lang='lat' dir='ltr'>ab</span> <span class='ocrx_word' id='word_1_314' title='bbox 1617 1773 1758 1809; x_wconf 90' lang='lat' dir='ltr'>Andrea</span> <span class='ocrx_word' id='word_1_315' title='bbox 1771 1769 1845 1806; x_wconf 85' lang='lat' dir='ltr'>filio</span> <span class='ocrx_word' id='word_1_316' title='bbox 1855 1796 1866 1810; x_wconf 90' lang='lat'>,</span> 
     </span>
     <span class='ocr_line' id='line_1_30' title="bbox 404 1817 1867 1877; baseline -0.017 -1"><span class='ocrx_word' id='word_1_317' title='bbox 404 1839 430 1876; x_wconf 81' lang='lat' dir='ltr'>fi</span> <span class='ocrx_word' id='word_1_318' title='bbox 447 1837 612 1875; x_wconf 81' lang='lat' dir='ltr'>Sacerdos</span> <span class='ocrx_word' id='word_1_319' title='bbox 641 1835 742 1869; x_wconf 81' lang='lat' dir='ltr'>fieret</span> <span class='ocrx_word' id='word_1_320' title='bbox 757 1857 767 1867; x_wconf 88' lang='lat'><strong>.</strong></span> <span class='ocrx_word' id='word_1_321' title='bbox 790 1833 846 1874; x_wconf 86' lang='lat' dir='ltr'>Jus</span> <span class='ocrx_word' id='word_1_322' title='bbox 868 1831 1017 1876; x_wconf 87' lang='lat' dir='ltr'>eligendi</span> <span class='ocrx_word' id='word_1_323' title='bbox 1038 1829 1291 1877; x_wconf 85' lang='lat' dir='ltr'>Cappellanum</span> <span class='ocrx_word' id='word_1_324' title='bbox 1304 1824 1388 1860; x_wconf 82' lang='lat' dir='ltr'>filiis</span> <span class='ocrx_word' id='word_1_325' title='bbox 1410 1822 1573 1869; x_wconf 84' lang='lat' dir='ltr'>reliquit,</span> <span class='ocrx_word' id='word_1_326' title='bbox 1599 1822 1631 1857; x_wconf 78' lang='grc' dir='ltr'>δι</span> <span class='ocrx_word' id='word_1_327' title='bbox 1655 1817 1867 1856; x_wconf 86' lang='lat' dir='ltr'>descenden-</span> 
     </span>
     <span class='ocr_line' id='line_1_31' title="bbox 406 1864 1866 1923; baseline -0.016 -1"><span class='ocrx_word' id='word_1_328' title='bbox 406 1889 498 1923; x_wconf 80' lang='lat' dir='ltr'>tibus</span> <span class='ocrx_word' id='word_1_329' title='bbox 515 1886 557 1920; x_wconf 90' lang='lat' dir='ltr'>ab</span> <span class='ocrx_word' id='word_1_330' title='bbox 570 1883 619 1919; x_wconf 87' lang='lat' dir='ltr'>eis</span> <span class='ocrx_word' id='word_1_331' title='bbox 642 1883 675 1917; x_wconf 89' lang='lat' dir='ltr'>in</span> <span class='ocrx_word' id='word_1_332' title='bbox 690 1879 864 1916; x_wconf 87' lang='lat' dir='ltr'>infinitum</span> <span class='ocrx_word' id='word_1_333' title='bbox 879 1905 889 1920; x_wconf 93' lang='lat'>‚</span> <span class='ocrx_word' id='word_1_334' title='bbox 914 1879 964 1914; x_wconf 84' lang='lat' dir='ltr'>ita</span> <span class='ocrx_word' id='word_1_335' title='bbox 983 1887 1097 1912; x_wconf 89' lang='lat' dir='ltr'>tamen</span> <span class='ocrx_word' id='word_1_336' title='bbox 1111 1902 1121 1916; x_wconf 89' lang='lat'>‚</span> <span class='ocrx_word' id='word_1_337' title='bbox 1147 1886 1184 1912; x_wconf 89' lang='lat' dir='ltr'>ut</span> <span class='ocrx_word' id='word_1_338' title='bbox 1199 1872 1349 1920; x_wconf 82' lang='lat' dir='ltr'>praeferri</span> <span class='ocrx_word' id='word_1_339' title='bbox 1371 1873 1536 1906; x_wconf 86' lang='lat' dir='ltr'>deberent</span> <span class='ocrx_word' id='word_1_340' title='bbox 1555 1870 1596 1904; x_wconf 89' lang='lat' dir='ltr'>ad</span> <span class='ocrx_word' id='word_1_341' title='bbox 1610 1869 1709 1904; x_wconf 84' lang='lat' dir='ltr'>Sacra</span> <span class='ocrx_word' id='word_1_342' title='bbox 1732 1864 1866 1912; x_wconf 80' lang='lat' dir='ltr'>agenda</span> 
     </span>
     <span class='ocr_line' id='line_1_32' title="bbox 406 1912 1865 1977; baseline -0.018 -6"><span class='ocrx_word' id='word_1_343' title='bbox 406 1934 603 1972; x_wconf 82' lang='lat' dir='ltr'>Sacerdotes</span> <span class='ocrx_word' id='word_1_344' title='bbox 620 1957 630 1973; x_wconf 90' lang='lat'>,</span> <span class='ocrx_word' id='word_1_345' title='bbox 656 1930 747 1977; x_wconf 89' lang='lat' dir='ltr'>quia</span> <span class='ocrx_word' id='word_1_346' title='bbox 776 1927 860 1962; x_wconf 87' lang='lat' dir='ltr'>filiis</span> <span class='ocrx_word' id='word_1_347' title='bbox 885 1925 1123 1962; x_wconf 85' lang='lat' dir='ltr'>descenderent</span> <span class='ocrx_word' id='word_1_348' title='bbox 1138 1951 1146 1960; x_wconf 88' lang='lat'><strong>.</strong></span> <span class='ocrx_word' id='word_1_349' title='bbox 1173 1922 1352 1959; x_wconf 69' lang='lat' dir='ltr'>Defuncto</span> <span class='ocrx_word' id='word_1_350' title='bbox 1373 1918 1535 1958; x_wconf 86' lang='lat' dir='ltr'>Caesare,</span> <span class='ocrx_word' id='word_1_351' title='bbox 1559 1929 1637 1953; x_wconf 87' lang='lat' dir='ltr'>cum</span> <span class='ocrx_word' id='word_1_352' title='bbox 1664 1912 1865 1961; x_wconf 83' lang='lat' dir='ltr'>stipendium</span> 
     </span>
     <span class='ocr_line' id='line_1_33' title="bbox 407 1957 1866 2019; baseline -0.014 -3"><span class='ocrx_word' id='word_1_353' title='bbox 407 1982 501 2019; x_wconf 85' lang='lat' dir='ltr'>illud</span> <span class='ocrx_word' id='word_1_354' title='bbox 519 1988 657 2015; x_wconf 86' lang='lat' dir='ltr'>centurn</span> <span class='ocrx_word' id='word_1_355' title='bbox 678 1978 856 2012; x_wconf 82' lang='lat' dir='ltr'>Sacrorum</span> <span class='ocrx_word' id='word_1_356' title='bbox 880 1973 959 2009; x_wconf 86' lang='lat' dir='ltr'>satis</span> <span class='ocrx_word' id='word_1_357' title='bbox 981 1985 1047 2008; x_wconf 91' lang='lat' dir='ltr'>non</span> <span class='ocrx_word' id='word_1_358' title='bbox 1061 1971 1143 2007; x_wconf 78' lang='lat' dir='ltr'>esset</span> <span class='ocrx_word' id='word_1_359' title='bbox 1169 1967 1469 2019; x_wconf 72' lang='lat' dir='ltr'>pro-patrimonio</span> <span class='ocrx_word' id='word_1_360' title='bbox 1491 1966 1594 2000; x_wconf 86' lang='lat' dir='ltr'>Sacro</span> <span class='ocrx_word' id='word_1_361' title='bbox 1615 1963 1761 2000; x_wconf 82' lang='lat' dir='ltr'>Andreae</span> <span class='ocrx_word' id='word_1_362' title='bbox 1776 1986 1788 2000; x_wconf 86' lang='lat'>,</span> <span class='ocrx_word' id='word_1_363' title='bbox 1812 1957 1866 1995; x_wconf 87' lang='lat' dir='ltr'>hic</span> 
     </span>
     <span class='ocr_line' id='line_1_34' title="bbox 406 2009 1865 2066; baseline -0.016 -2"><span class='ocrx_word' id='word_1_364' title='bbox 406 2029 548 2066; x_wconf 77' lang='lat' dir='ltr'>rudibus</span> <span class='ocrx_word' id='word_1_365' title='bbox 575 2026 746 2062; x_wconf 80' lang='lat' dir='ltr'>Fratribus</span> <span class='ocrx_word' id='word_1_366' title='bbox 766 2022 863 2059; x_wconf 83' lang='lat' dir='ltr'>suasit</span> <span class='ocrx_word' id='word_1_367' title='bbox 881 2048 891 2062; x_wconf 90' lang='lat'>‚</span> <span class='ocrx_word' id='word_1_368' title='bbox 915 2030 952 2056; x_wconf 90' lang='lat' dir='ltr'>ut</span> <span class='ocrx_word' id='word_1_369' title='bbox 968 2020 1146 2056; x_wconf 84' lang='lat' dir='ltr'>fundarent</span> <span class='ocrx_word' id='word_1_370' title='bbox 1160 2026 1354 2064; x_wconf 82' lang='lat' dir='ltr'>perpetuam</span> <span class='ocrx_word' id='word_1_371' title='bbox 1365 2012 1632 2061; x_wconf 84' lang='lat' dir='ltr'>Cappellaniam</span> <span class='ocrx_word' id='word_1_372' title='bbox 1647 2009 1837 2046; x_wconf 86' lang='lat' dir='ltr'>manualem</span> <span class='ocrx_word' id='word_1_373' title='bbox 1854 2031 1865 2046; x_wconf 90' lang='lat'>‚</span> 
     </span>
     <span class='ocr_line' id='line_1_35' title="bbox 406 2053 1865 2115; baseline -0.019 -1"><span class='ocrx_word' id='word_1_374' title='bbox 406 2078 654 2114; x_wconf 80' lang='lat' dir='ltr'>mercenariam</span> <span class='ocrx_word' id='word_1_375' title='bbox 667 2100 678 2114; x_wconf 92' lang='lat'>,</span> <span class='ocrx_word' id='word_1_376' title='bbox 690 2078 733 2110; x_wconf 63' lang='grc' dir='ltr'>(φ</span> <span class='ocrx_word' id='word_1_377' title='bbox 748 2072 946 2107; x_wconf 69' lang='lat' dir='ltr'>vitalitiam</span> <span class='ocrx_word' id='word_1_378' title='bbox 959 2095 968 2109; x_wconf 86' lang='lat'><strong>,</strong></span> <span class='ocrx_word' id='word_1_379' title='bbox 986 2079 1052 2115; x_wconf 89' lang='lat' dir='ltr'>qua</span> <span class='ocrx_word' id='word_1_380' title='bbox 1067 2067 1137 2114; x_wconf 87' lang='lat' dir='ltr'>ipse</span> <span class='ocrx_word' id='word_1_381' title='bbox 1152 2067 1191 2101; x_wconf 90' lang='lat' dir='ltr'>ad</span> <span class='ocrx_word' id='word_1_382' title='bbox 1204 2062 1433 2100; x_wconf 85' lang='lat' dir='ltr'>Sacerdotium</span> <span class='ocrx_word' id='word_1_383' title='bbox 1447 2059 1552 2107; x_wconf 71' lang='lat' dir='ltr'>posset</span> <span class='ocrx_word' id='word_1_384' title='bbox 1567 2058 1745 2095; x_wconf 83' lang='lat' dir='ltr'>ascendere</span> <span class='ocrx_word' id='word_1_385' title='bbox 1757 2078 1767 2089; x_wconf 89' lang='lat'>.</span> <span class='ocrx_word' id='word_1_386' title='bbox 1785 2053 1865 2088; x_wconf 83' lang='lat' dir='ltr'>Pla-</span> 
     </span>
     <span class='ocr_line' id='line_1_36' title="bbox 404 2101 1865 2161; baseline -0.016 -2"><span class='ocrx_word' id='word_1_387' title='bbox 404 2125 481 2160; x_wconf 82' lang='lat' dir='ltr'>cuit</span> <span class='ocrx_word' id='word_1_388' title='bbox 496 2124 527 2159; x_wconf 90' lang='lat' dir='ltr'>id</span> <span class='ocrx_word' id='word_1_389' title='bbox 546 2121 742 2160; x_wconf 83' lang='lat' dir='ltr'>Fratribus,</span> <span class='ocrx_word' id='word_1_390' title='bbox 766 2121 797 2155; x_wconf 77' lang='grc' dir='ltr'>δι</span> <span class='ocrx_word' id='word_1_391' title='bbox 815 2119 847 2152; x_wconf 89' lang='lat' dir='ltr'>in</span> <span class='ocrx_word' id='word_1_392' title='bbox 876 2115 1099 2153; x_wconf 85' lang='lat' dir='ltr'>instrumento</span> <span class='ocrx_word' id='word_1_393' title='bbox 1112 2125 1173 2161; x_wconf 88' lang='lat' dir='ltr'>pro</span> <span class='ocrx_word' id='word_1_394' title='bbox 1197 2115 1274 2148; x_wconf 87' lang='lat' dir='ltr'>dote</span> <span class='ocrx_word' id='word_1_395' title='bbox 1298 2112 1400 2154; x_wconf 80' lang='lat' dir='ltr'>huius</span> <span class='ocrx_word' id='word_1_396' title='bbox 1424 2107 1657 2155; x_wconf 76' lang='lat' dir='ltr'>cappellaniae</span> <span class='ocrx_word' id='word_1_397' title='bbox 1682 2101 1865 2140; x_wconf 87' lang='lat' dir='ltr'>constitue-</span> 
     </span>
     <span class='ocr_line' id='line_1_37' title="bbox 405 2149 1864 2210; baseline -0.017 -3"><span class='ocrx_word' id='word_1_398' title='bbox 405 2182 487 2207; x_wconf 83' lang='lat' dir='ltr'>runt</span> <span class='ocrx_word' id='word_1_399' title='bbox 512 2171 649 2206; x_wconf 88' lang='lat' dir='ltr'>domum</span> <span class='ocrx_word' id='word_1_400' title='bbox 671 2179 746 2203; x_wconf 89' lang='lat' dir='ltr'>cum</span> <span class='ocrx_word' id='word_1_401' title='bbox 772 2166 901 2202; x_wconf 86' lang='lat' dir='ltr'>stabulo</span> <span class='ocrx_word' id='word_1_402' title='bbox 921 2191 931 2207; x_wconf 88' lang='lat'>,</span> <span class='ocrx_word' id='word_1_403' title='bbox 955 2166 990 2200; x_wconf 90' lang='lat' dir='ltr'>in</span> <span class='ocrx_word' id='word_1_404' title='bbox 1015 2175 1081 2210; x_wconf 87' lang='lat' dir='ltr'>qua</span> <span class='ocrx_word' id='word_1_405' title='bbox 1096 2163 1267 2197; x_wconf 82' lang='lat' dir='ltr'>lanienam</span> <span class='ocrx_word' id='word_1_406' title='bbox 1288 2165 1446 2194; x_wconf 87' lang='lat' dir='ltr'>exercent</span> <span class='ocrx_word' id='word_1_407' title='bbox 1461 2182 1471 2195; x_wconf 86' lang='lat'>‚</span> <span class='ocrx_word' id='word_1_408' title='bbox 1495 2165 1636 2202; x_wconf 82' lang='lat' dir='ltr'>quaeque</span> <span class='ocrx_word' id='word_1_409' title='bbox 1658 2152 1782 2186; x_wconf 88' lang='lat' dir='ltr'>domus</span> <span class='ocrx_word' id='word_1_410' title='bbox 1797 2175 1806 2188; x_wconf 83' lang='lat'>‚</span> <span class='ocrx_word' id='word_1_411' title='bbox 1830 2149 1864 2183; x_wconf 88' lang='lat'>&amp;</span> 
     </span>
     <span class='ocr_line' id='line_1_38' title="bbox 405 2196 1863 2254; baseline -0.017 0"><span class='ocrx_word' id='word_1_412' title='bbox 405 2218 572 2254; x_wconf 72' lang='lat' dir='ltr'>stabulum</span> <span class='ocrx_word' id='word_1_413' title='bbox 586 2212 781 2252; x_wconf 87' lang='lat' dir='ltr'>universam</span> <span class='ocrx_word' id='word_1_414' title='bbox 796 2214 965 2250; x_wconf 83' lang='lat' dir='ltr'>faciebant</span> <span class='ocrx_word' id='word_1_415' title='bbox 988 2207 1346 2246; x_wconf 65' lang='lat' dir='ltr'>Patris&#39;haereditatem</span> <span class='ocrx_word' id='word_1_416' title='bbox 1359 2231 1370 2243; x_wconf 87' lang='lat'><strong>.</strong></span> <span class='ocrx_word' id='word_1_417' title='bbox 1388 2205 1606 2240; x_wconf 84' lang='lat' dir='ltr'>Patronatum</span> <span class='ocrx_word' id='word_1_418' title='bbox 1631 2196 1863 2244; x_wconf 78' lang='lat' dir='ltr'>Cappellaniae</span> 
     </span>
     <span class='ocr_line' id='line_1_39' title="bbox 403 2245 1864 2311; baseline -0.016 -10"><span class='ocrx_word' id='word_1_419' title='bbox 403 2266 505 2308; x_wconf 81' lang='lat' dir='ltr'>hujus</span> <span class='ocrx_word' id='word_1_420' title='bbox 521 2291 531 2304; x_wconf 91' lang='lat'>‚</span> <span class='ocrx_word' id='word_1_421' title='bbox 556 2275 655 2311; x_wconf 88' lang='lat' dir='ltr'>quam</span> <span class='ocrx_word' id='word_1_422' title='bbox 670 2262 854 2297; x_wconf 84' lang='lat' dir='ltr'>fundarunt</span> <span class='ocrx_word' id='word_1_423' title='bbox 871 2261 904 2295; x_wconf 90' lang='lat' dir='ltr'>in</span> <span class='ocrx_word' id='word_1_424' title='bbox 930 2257 1078 2294; x_wconf 72' lang='lat' dir='ltr'>Ecclesia</span> <span class='ocrx_word' id='word_1_425' title='bbox 1101 2257 1158 2292; x_wconf 87' lang='lat' dir='ltr'>seu</span> <span class='ocrx_word' id='word_1_426' title='bbox 1172 2254 1335 2291; x_wconf 82' lang='lat' dir='ltr'>oratorio</span> <span class='ocrx_word' id='word_1_427' title='bbox 1357 2251 1498 2299; x_wconf 90' lang='lat' dir='ltr'>publico</span> <span class='ocrx_word' id='word_1_428' title='bbox 1525 2245 1684 2284; x_wconf 84' lang='lat' dir='ltr'>Sodalitii</span> <span class='ocrx_word' id='word_1_429' title='bbox 1700 2252 1735 2281; x_wconf 81' lang='lat' dir='ltr'>S.</span> <span class='ocrx_word' id='word_1_430' title='bbox 1749 2248 1864 2288; x_wconf 79' lang='lat' dir='ltr'>⁶Joan-</span> 
     </span>
     <span class='ocr_line' id='line_1_40' title="bbox 403 2289 1861 2360; baseline -0.017 -12"><span class='ocrx_word' id='word_1_431' title='bbox 403 2317 458 2349; x_wconf 82' lang='lat' dir='ltr'>nis</span> <span class='ocrx_word' id='word_1_432' title='bbox 478 2312 632 2360; x_wconf 79' lang='lat' dir='ltr'>Baptistae</span> <span class='ocrx_word' id='word_1_433' title='bbox 649 2312 691 2345; x_wconf 89' lang='lat' dir='ltr'>ad</span> <span class='ocrx_word' id='word_1_434' title='bbox 717 2308 929 2352; x_wconf 76' lang='lat' dir='ltr'>Confizlonum</span> <span class='ocrx_word' id='word_1_435' title='bbox 946 2333 955 2346; x_wconf 92' lang='lat'>‚</span> <span class='ocrx_word' id='word_1_436' title='bbox 983 2305 1055 2351; x_wconf 88' lang='lat' dir='ltr'>post</span> <span class='ocrx_word' id='word_1_437' title='bbox 1068 2305 1254 2340; x_wconf 66' lang='lat' dir='ltr'>extinctam</span> <span class='ocrx_word' id='word_1_438' title='bbox 1269 2302 1395 2335; x_wconf 84' lang='lat' dir='ltr'>lineam</span> <span class='ocrx_word' id='word_1_439' title='bbox 1416 2297 1660 2333; x_wconf 75' lang='lat' dir='ltr'>mascolinam,</span> <span class='ocrx_word' id='word_1_440' title='bbox 1689 2293 1722 2327; x_wconf 74' lang='grc' dir='ltr'>ἃ</span> <span class='ocrx_word' id='word_1_441' title='bbox 1747 2289 1861 2326; x_wconf 56' lang='grc' dir='ltr'>ίαῖιηίο</span> 
     </span>
     <span class='ocr_line' id='line_1_41' title="bbox 402 2340 1863 2396; baseline -0.017 -1"><span class='ocrx_word' id='word_1_442' title='bbox 402 2361 522 2396; x_wconf 87' lang='lat' dir='ltr'>ninam</span> <span class='ocrx_word' id='word_1_443' title='bbox 536 2357 681 2394; x_wconf 81' lang='lat' dir='ltr'>Caesaris</span> <span class='ocrx_word' id='word_1_444' title='bbox 695 2382 705 2396; x_wconf 94' lang='lat'><strong>,</strong></span> <span class='ocrx_word' id='word_1_445' title='bbox 724 2356 893 2390; x_wconf 87' lang='lat' dir='ltr'>dederunt</span> <span class='ocrx_word' id='word_1_446' title='bbox 916 2351 1049 2391; x_wconf 82' lang='lat' dir='ltr'>Priori,</span> <span class='ocrx_word' id='word_1_447' title='bbox 1076 2352 1108 2387; x_wconf 83' lang='lat'>&amp;</span> <span class='ocrx_word' id='word_1_448' title='bbox 1124 2349 1302 2385; x_wconf 84' lang='lat' dir='ltr'>Sodalibus</span> <span class='ocrx_word' id='word_1_449' title='bbox 1326 2345 1514 2390; x_wconf 83' lang='lat' dir='ltr'>S.Joannis</span> <span class='ocrx_word' id='word_1_450' title='bbox 1539 2342 1693 2388; x_wconf 86' lang='lat' dir='ltr'>Baptistae</span> <span class='ocrx_word' id='word_1_451' title='bbox 1709 2369 1716 2374; x_wconf 96' lang='lat'>.</span> <span class='ocrx_word' id='word_1_452' title='bbox 1748 2340 1863 2373; x_wconf 85' lang='lat' dir='ltr'>Onera</span> 
     </span>
     <span class='ocr_line' id='line_1_42' title="bbox 402 2385 1860 2448; baseline -0.014 -6"><span class='ocrx_word' id='word_1_453' title='bbox 402 2408 476 2443; x_wconf 77' lang='lat' dir='ltr'>haec</span> <span class='ocrx_word' id='word_1_454' title='bbox 500 2406 660 2443; x_wconf 87' lang='lat' dir='ltr'>fuerunt,</span> <span class='ocrx_word' id='word_1_455' title='bbox 684 2412 721 2439; x_wconf 86' lang='lat' dir='ltr'>ut</span> <span class='ocrx_word' id='word_1_456' title='bbox 739 2402 975 2448; x_wconf 88' lang='lat' dir='ltr'>Cappellanus</span> <span class='ocrx_word' id='word_1_457' title='bbox 1002 2399 1092 2434; x_wconf 90' lang='lat' dir='ltr'>ultra</span> <span class='ocrx_word' id='word_1_458' title='bbox 1118 2398 1216 2433; x_wconf 85' lang='lat' dir='ltr'>Sacra</span> <span class='ocrx_word' id='word_1_459' title='bbox 1245 2405 1384 2431; x_wconf 87' lang='lat' dir='ltr'>centum</span> <span class='ocrx_word' id='word_1_460' title='bbox 1399 2405 1440 2430; x_wconf 86' lang='lat' dir='ltr'>ex</span> <span class='ocrx_word' id='word_1_461' title='bbox 1464 2391 1663 2427; x_wconf 82' lang='lat' dir='ltr'>testamento</span> <span class='ocrx_word' id='word_1_462' title='bbox 1687 2385 1832 2421; x_wconf 83' lang='lat' dir='ltr'>Caesaris</span> <span class='ocrx_word' id='word_1_463' title='bbox 1851 2409 1860 2421; x_wconf 61' lang='lat'><strong>³</strong></span> 
     </span>
     <span class='ocr_line' id='line_1_43' title="bbox 402 2430 1864 2496; baseline -0.017 -7"><span class='ocrx_word' id='word_1_464' title='bbox 402 2455 472 2488; x_wconf 80' lang='lat' dir='ltr'>alia</span> <span class='ocrx_word' id='word_1_465' title='bbox 495 2464 632 2489; x_wconf 85' lang='lat' dir='ltr'>centum</span> <span class='ocrx_word' id='word_1_466' title='bbox 653 2463 764 2487; x_wconf 86' lang='lat' dir='ltr'>annua</span> <span class='ocrx_word' id='word_1_467' title='bbox 778 2458 916 2496; x_wconf 60' lang='lat' dir='ltr'>agerem</span> <span class='ocrx_word' id='word_1_468' title='bbox 940 2459 982 2483; x_wconf 87' lang='lat' dir='ltr'>ex</span> <span class='ocrx_word' id='word_1_469' title='bbox 1001 2447 1053 2482; x_wconf 87' lang='lat' dir='ltr'>his</span> <span class='ocrx_word' id='word_1_470' title='bbox 1071 2446 1225 2482; x_wconf 80' lang='lat' dir='ltr'>ducentis</span> <span class='ocrx_word' id='word_1_471' title='bbox 1249 2442 1433 2479; x_wconf 89' lang='lat' dir='ltr'>duodecim</span> <span class='ocrx_word' id='word_1_472' title='bbox 1446 2440 1501 2486; x_wconf 81' lang='lat' dir='ltr'>agi</span> <span class='ocrx_word' id='word_1_473' title='bbox 1515 2439 1674 2474; x_wconf 87' lang='lat' dir='ltr'>deberent</span> <span class='ocrx_word' id='word_1_474' title='bbox 1689 2435 1723 2468; x_wconf 89' lang='lat' dir='ltr'>in</span> <span class='ocrx_word' id='word_1_475' title='bbox 1739 2430 1864 2467; x_wconf 80' lang='lat' dir='ltr'>Eccle-</span> 
     </span>
     <span class='ocr_line' id='line_1_44' title="bbox 403 2477 1867 2551; baseline -0.009 -15"><span class='ocrx_word' id='word_1_476' title='bbox 403 2500 449 2536; x_wconf 81' lang='lat' dir='ltr'>fia</span> <span class='ocrx_word' id='word_1_477' title='bbox 464 2501 496 2534; x_wconf 93' lang='lat' dir='ltr'>S.</span> <span class='ocrx_word' id='word_1_478' title='bbox 513 2498 655 2541; x_wconf 74' lang='lat' dir='ltr'>joannis</span> <span class='ocrx_word' id='word_1_479' title='bbox 672 2498 830 2551; x_wconf 77' lang='lat' dir='ltr'>Baptistae</span> <span class='ocrx_word' id='word_1_480' title='bbox 844 2523 854 2537; x_wconf 88' lang='lat'>‚</span> <span class='ocrx_word' id='word_1_481' title='bbox 883 2506 1006 2531; x_wconf 85' lang='lat' dir='ltr'>caetera</span> <span class='ocrx_word' id='word_1_482' title='bbox 1022 2495 1056 2529; x_wconf 90' lang='lat' dir='ltr'>in</span> <span class='ocrx_word' id='word_1_483' title='bbox 1081 2493 1236 2530; x_wconf 77' lang='lat' dir='ltr'>Ecclefiis</span> <span class='ocrx_word' id='word_1_484' title='bbox 1251 2517 1261 2530; x_wconf 89' lang='lat'>,</span> <span class='ocrx_word' id='word_1_485' title='bbox 1282 2501 1362 2536; x_wconf 84' lang='lat' dir='ltr'>quas</span> <span class='ocrx_word' id='word_1_486' title='bbox 1378 2488 1490 2524; x_wconf 88' lang='lat' dir='ltr'>vellet</span> <span class='ocrx_word' id='word_1_487' title='bbox 1507 2486 1665 2522; x_wconf 86' lang='lat' dir='ltr'>Andreas</span> <span class='ocrx_word' id='word_1_488' title='bbox 1681 2477 1867 2526; x_wconf 68' lang='lat' dir='ltr'>Cappella-</span> 
     </span>
    </p>
   </div>
   <div class='ocr_carea' id='block_1_10' title="bbox 404 2525 1866 2592">
    <p class='ocr_par' dir='ltr' id='par_1_12' title="bbox 404 2525 1866 2592">
     <span class='ocr_line' id='line_1_45' title="bbox 404 2525 1866 2592; baseline -0.018 -7"><span class='ocrx_word' id='word_1_489' title='bbox 404 2559 466 2583; x_wconf 73' lang='lat' dir='ltr'>nus</span> <span class='ocrx_word' id='word_1_490' title='bbox 480 2548 591 2592; x_wconf 81' lang='lat' dir='ltr'>primo</span> <span class='ocrx_word' id='word_1_491' title='bbox 606 2555 804 2581; x_wconf 78' lang='lat' dir='ltr'>nominatus</span> <span class='ocrx_word' id='word_1_492' title='bbox 816 2571 826 2583; x_wconf 88' lang='lat'><em>,</em></span> <span class='ocrx_word' id='word_1_493' title='bbox 850 2545 881 2578; x_wconf 78' lang='grc' dir='ltr'>δι</span> <span class='ocrx_word' id='word_1_494' title='bbox 895 2541 1102 2589; x_wconf 83' lang='lat' dir='ltr'>Cappellani</span> <span class='ocrx_word' id='word_1_495' title='bbox 1119 2551 1235 2576; x_wconf 87' lang='lat' dir='ltr'>omnes</span> <span class='ocrx_word' id='word_1_496' title='bbox 1248 2537 1488 2575; x_wconf 87' lang='lat' dir='ltr'>descendentes</span> <span class='ocrx_word' id='word_1_497' title='bbox 1503 2547 1513 2574; x_wconf 90' lang='lat'>;</span> <span class='ocrx_word' id='word_1_498' title='bbox 1538 2533 1560 2568; x_wconf 84' lang='lat' dir='ltr'>sl</span> <span class='ocrx_word' id='word_1_499' title='bbox 1578 2543 1662 2568; x_wconf 86' lang='lat' dir='ltr'>vero</span> <span class='ocrx_word' id='word_1_500' title='bbox 1676 2525 1866 2579; x_wconf 77' lang='lat' dir='ltr'>Cappella-</span> 
     </span>
    </p>
   </div>
   <div class='ocr_carea' id='block_1_11' title="bbox 405 2572 1867 2635">
    <p class='ocr_par' dir='ltr' id='par_1_13' title="bbox 405 2572 1867 2635">
     <span class='ocr_line' id='line_1_46' title="bbox 405 2572 1867 2635; baseline -0.016 -7"><span class='ocrx_word' id='word_1_501' title='bbox 405 2605 469 2628; x_wconf 80' lang='lat' dir='ltr'>nus</span> <span class='ocrx_word' id='word_1_502' title='bbox 483 2602 663 2629; x_wconf 85' lang='lat' dir='ltr'>extraneus</span> <span class='ocrx_word' id='word_1_503' title='bbox 677 2592 758 2628; x_wconf 85' lang='lat' dir='ltr'>esset</span> <span class='ocrx_word' id='word_1_504' title='bbox 773 2606 781 2631; x_wconf 86' lang='lat'>;</span> <span class='ocrx_word' id='word_1_505' title='bbox 812 2602 897 2627; x_wconf 90' lang='lat' dir='ltr'>onus</span> <span class='ocrx_word' id='word_1_506' title='bbox 910 2591 1055 2626; x_wconf 87' lang='lat' dir='ltr'>haberet</span> <span class='ocrx_word' id='word_1_507' title='bbox 1069 2587 1226 2635; x_wconf 86' lang='lat' dir='ltr'>quotidie</span> <span class='ocrx_word' id='word_1_508' title='bbox 1253 2586 1392 2621; x_wconf 82' lang='lat' dir='ltr'>sacrum</span> <span class='ocrx_word' id='word_1_509' title='bbox 1408 2582 1535 2630; x_wconf 88' lang='lat' dir='ltr'>agendi</span> <span class='ocrx_word' id='word_1_510' title='bbox 1551 2582 1584 2615; x_wconf 90' lang='lat' dir='ltr'>in</span> <span class='ocrx_word' id='word_1_511' title='bbox 1603 2576 1722 2612; x_wconf 77' lang='lat' dir='ltr'>eadem</span> <span class='ocrx_word' id='word_1_512' title='bbox 1747 2572 1867 2607; x_wconf 79' lang='lat' dir='ltr'>Eccle-</span> 
     </span>
    </p>
   </div>
   <div class='ocr_carea' id='block_1_12' title="bbox 404 2624 1873 2778">
    <p class='ocr_par' dir='ltr' id='par_1_14' title="bbox 404 2624 1873 2778">
     <span class='ocr_line' id='line_1_47' title="bbox 405 2624 1868 2692; baseline -0.02 -9"><span class='ocrx_word' id='word_1_513' title='bbox 405 2639 503 2692; x_wconf 36' lang='lat' dir='ltr'>fians-</span> <span class='ocrx_word' id='word_1_514' title='bbox 523 2641 659 2680; x_wconf 78' lang='lat' dir='ltr'>loannis</span> <span class='ocrx_word' id='word_1_515' title='bbox 675 2639 828 2686; x_wconf 82' lang='lat' dir='ltr'>Baptistae</span> <span class='ocrx_word' id='word_1_516' title='bbox 845 2663 854 2672; x_wconf 89' lang='lat'><strong>.</strong></span> <span class='ocrx_word' id='word_1_517' title='bbox 879 2637 1032 2674; x_wconf 75' lang='lat' dir='ltr'>Deceflit</span> <span class='ocrx_word' id='word_1_518' title='bbox 1046 2634 1119 2684; x_wconf 88' lang='lat' dir='ltr'>post</span> <span class='ocrx_word' id='word_1_519' title='bbox 1138 2636 1225 2670; x_wconf 89' lang='lat' dir='ltr'>hanc</span> <span class='ocrx_word' id='word_1_520' title='bbox 1253 2631 1493 2668; x_wconf 83' lang='lat' dir='ltr'>fundationem</span> <span class='ocrx_word' id='word_1_521' title='bbox 1518 2624 1704 2663; x_wconf 81' lang='lat' dir='ltr'>Bernardus</span> <span class='ocrx_word' id='word_1_522' title='bbox 1726 2632 1813 2656; x_wconf 85' lang='lat' dir='ltr'>unus</span> <span class='ocrx_word' id='word_1_523' title='bbox 1825 2629 1868 2654; x_wconf 79' lang='lat' dir='ltr'>ex</span> 
     </span>
     <span class='ocr_line' id='line_1_48' title="bbox 404 2668 1873 2733; baseline -0.022 -2"><span class='ocrx_word' id='word_1_524' title='bbox 404 2684 488 2722; x_wconf 63' lang='lat' dir='ltr'>filus</span> <span class='ocrx_word' id='word_1_525' title='bbox 502 2685 647 2721; x_wconf 78' lang='lat' dir='ltr'>Caesaris</span> <span class='ocrx_word' id='word_1_526' title='bbox 666 2713 676 2725; x_wconf 86' lang='lat'>‚</span> <span class='ocrx_word' id='word_1_527' title='bbox 704 2688 735 2722; x_wconf 78' lang='grc' dir='ltr'>δι</span> <span class='ocrx_word' id='word_1_528' title='bbox 751 2686 986 2733; x_wconf 85' lang='lat' dir='ltr'>Cappellaniae</span> <span class='ocrx_word' id='word_1_529' title='bbox 1010 2682 1281 2719; x_wconf 83' lang='lat' dir='ltr'>Fundatoribus:</span> <span class='ocrx_word' id='word_1_530' title='bbox 1306 2682 1417 2718; x_wconf 91' lang='lat' dir='ltr'>Duo,</span> <span class='ocrx_word' id='word_1_531' title='bbox 1439 2678 1499 2724; x_wconf 85' lang='lat' dir='ltr'>qui</span> <span class='ocrx_word' id='word_1_532' title='bbox 1522 2671 1760 2720; x_wconf 86' lang='lat' dir='ltr'>superfuerunt</span> <span class='ocrx_word' id='word_1_533' title='bbox 1789 2668 1873 2702; x_wconf 54' lang='lat' dir='ltr'>Fra-0</span> 
     </span>
     <span class='ocr_line' id='line_1_49' title="bbox 406 2719 1868 2778; baseline -0.025 5"><span class='ocrx_word' id='word_1_534' title='bbox 406 2743 474 2770; x_wconf 56' lang='grc' dir='ltr'>ἵης</span> <span class='ocrx_word' id='word_1_535' title='bbox 490 2761 499 2774; x_wconf 71' lang='lat'>²</span> <span class='ocrx_word' id='word_1_536' title='bbox 527 2744 646 2777; x_wconf 65' lang='lat' dir='ltr'>nempe</span> <span class='ocrx_word' id='word_1_537' title='bbox 662 2733 803 2773; x_wconf 72' lang='lat' dir='ltr'>10³nnes</span> <span class='ocrx_word' id='word_1_538' title='bbox 831 2733 980 2778; x_wconf 80' lang='lat' dir='ltr'>Baptista</span> <span class='ocrx_word' id='word_1_539' title='bbox 994 2759 1006 2773; x_wconf 82' lang='lat'>,</span> <span class='ocrx_word' id='word_1_540' title='bbox 1025 2733 1082 2777; x_wconf 85' lang='lat' dir='ltr'>qui</span> <span class='ocrx_word' id='word_1_541' title='bbox 1104 2730 1256 2778; x_wconf 89' lang='lat' dir='ltr'>quinque</span> <span class='ocrx_word' id='word_1_542' title='bbox 1279 2727 1424 2762; x_wconf 85' lang='lat' dir='ltr'>habebat</span> <span class='ocrx_word' id='word_1_543' title='bbox 1438 2724 1524 2760; x_wconf 85' lang='lat' dir='ltr'>filias</span> <span class='ocrx_word' id='word_1_544' title='bbox 1539 2747 1548 2761; x_wconf 86' lang='lat'>,</span> <span class='ocrx_word' id='word_1_545' title='bbox 1572 2721 1603 2755; x_wconf 85' lang='lat'>&amp;</span> <span class='ocrx_word' id='word_1_546' title='bbox 1628 2719 1715 2752; x_wconf 85' lang='lat' dir='ltr'>alter</span> <span class='ocrx_word' id='word_1_547' title='bbox 1741 2724 1868 2758; x_wconf 75' lang='lat' dir='ltr'>nempe</span> 
     </span>
    </p>
   </div>
   <div class='ocr_carea' id='block_1_13' title="bbox 406 2761 1872 2847">
    <p class='ocr_par' dir='ltr' id='par_1_15' title="bbox 406 2761 1872 2847">
     <span class='ocr_line' id='line_1_50' title="bbox 406 2761 1872 2845; baseline -0.019 -24"><span class='ocrx_word' id='word_1_548' title='bbox 406 2781 457 2827; x_wconf 81' lang='lat' dir='ltr'>Jo:</span> <span class='ocrx_word' id='word_1_549' title='bbox 473 2780 694 2821; x_wconf 78' lang='lat' dir='ltr'>franciscus,</span> <span class='ocrx_word' id='word_1_550' title='bbox 716 2780 774 2828; x_wconf 85' lang='lat' dir='ltr'>qui</span> <span class='ocrx_word' id='word_1_551' title='bbox 797 2780 922 2827; x_wconf 82' lang='lat' dir='ltr'>septem</span> <span class='ocrx_word' id='word_1_552' title='bbox 950 2779 1100 2815; x_wconf 83' lang='lat' dir='ltr'>habebat</span> <span class='ocrx_word' id='word_1_553' title='bbox 1126 2777 1216 2813; x_wconf 84' lang='lat' dir='ltr'>filios</span> <span class='ocrx_word' id='word_1_554' title='bbox 1232 2803 1243 2817; x_wconf 88' lang='lat'>‚</span> <span class='ocrx_word' id='word_1_555' title='bbox 1266 2784 1408 2820; x_wconf 83' lang='lat' dir='ltr'>quorum</span> <span class='ocrx_word' id='word_1_556' title='bbox 1434 2781 1519 2807; x_wconf 85' lang='lat' dir='ltr'>unus</span> <span class='ocrx_word' id='word_1_557' title='bbox 1544 2778 1652 2803; x_wconf 67' lang='lat' dir='ltr'>caccus</span> <span class='ocrx_word' id='word_1_558' title='bbox 1674 2764 1721 2800; x_wconf 85' lang='lat' dir='ltr'>est</span> <span class='ocrx_word' id='word_1_559' title='bbox 1741 2790 1753 2845; x_wconf 58' lang='grc' dir='ltr'>,Ι</span> <span class='ocrx_word' id='word_1_560' title='bbox 1777 2761 1872 2796; x_wconf 61' lang='lat' dir='ltr'>alten⁴</span> 
     </span>
     <span class='ocr_line' id='line_1_51' title="bbox 1723 2821 1823 2847; baseline -0.03 0"><span class='ocrx_word' id='word_1_561' title='bbox 1723 2823 1740 2847; x_wconf 91' lang='lat' dir='ltr'>c</span> <span class='ocrx_word' id='word_1_562' title='bbox 1761 2821 1823 2845; x_wconf 76' lang='lat' dir='ltr'>au-</span> 
     </span>
    </p>
   </div>
  </div>
 </body>
</html>
