1978 3017
77 1082 161 1123 Seſs.
182 1092 280 1117 21.c.
294 1090 326 1115 2.

52 1130 90 1164 de
109 1130 328 1174 RefSesszz-

52 1188 81 1210 c.
101 1188 131 1218 5.
144 1178 181 1214 de
196 1176 269 1224 Refi

346 126 438 198 Cusm
452 161 556 207 igitur
583 155 784 194 Floruccius
801 165 899 191 veru:
914 152 1087 191 Paroehus
1102 153 1142 189 sit
1155 178 1166 195 ,
1192 162 1261 190 non
1288 154 1477 201 Delegatus
1492 156 1534 190 ad
1560 158 1782 194 exercendam
1798 170 1868 195 cu·-

393 221 463 245 ram
478 207 665 242 animarum
679 215 738 247 pro
752 203 903 239 Parocho
916 227 927 241 ‚
957 202 1068 239 aheffe
1083 203 1223 238 videtur
1245 202 1382 248 quaestio
1395 202 1434 236 de
1450 202 1614 238 facultate
1639 205 1863 252 subdela-,gazi

391 267 411 290 a
426 256 603 299 Delegato
618 279 628 291 ‚
654 251 872 297 validumque
885 251 1023 286 videtur
1038 249 1306 286 Matrimonium
1317 249 1525 285 contractum
1539 261 1652 286 coram
1667 253 1844 288 Sacerdote
1854 281 1865 294 ,

393 302 455 337 cui
471 312 571 339 verus
587 298 757 337 parochus
775 298 973 334 Floruccius
986 297 1084 334 vices
1102 297 1176 332 suas
1189 297 1291 333 mand
1299 297 1369 332 avit
1382 324 1391 336 ‚
1417 308 1496 332 nam
1509 296 1631 332 diserte
1645 308 1782 335 cautum
1797 299 1865 335 fuit

394 361 414 383 a
430 347 646 383 Tridentino
662 344 749 391 posse
773 345 967 381 Parochum
979 346 1082 382 alteri
1098 344 1277 380 Sacerdoti
1295 344 1450 391 delegare
1461 344 1675 390 praesentiam
1689 347 1864 382 matrimo-

393 394 485 434 niis,
512 405 546 432 ut
572 394 618 430 est
643 395 680 430 in
704 393 851 435 ejusdem
872 391 1077 429 Tridentini
1106 391 1263 429 Decreto
1289 392 1442 427 irritanti
1457 409 1490 418 ——
1516 395 1577 438 qui
1598 395 1710 428 aliter
1726 419 1736 432 ,
1761 406 1863 440 quam

390 443 555 492 praesente
582 440 742 481 Parve-ho
758 467 767 480 ‚
792 441 854 477 vel
881 440 952 477 alio
980 442 1187 479 Sacerdote,
1211 442 1252 475 de
1277 439 1377 486 ipfius
1404 439 1580 480 Parochi,
1596 442 1659 484 seu
1687 443 1864 476 ordinarii

396 492 538 527 licentia
553 515 563 528 ,
588 493 631 526 ἅν
645 487 777 523 duobus
795 512 804 524 ‚
830 487 892 521 vel
904 487 1020 524 tribus
1050 485 1200 528 Testibus
1216 512 1227 526 ‚
1255 486 1512 522 matrimonium
1529 487 1728 523 contrahere
1741 496 1860 523 atten-

397 537 521 573 tabant
537 550 592 572 eos
608 540 682 572 &a
700 552 741 558 --
758 533 909 569 Accedit
925 532 1112 569 Parochum
1129 532 1165 567 in
1190 532 1419 570 matrimoniis
1433 531 1565 570 nullam
1578 544 1734 569 exercere
1758 533 1864 575 luris-

398 583 581 619 dictionem
597 607 606 619 ‚
627 592 703 616 cum
719 592 761 616 ex
782 579 935 620 veriori,
964 581 997 615 &
1013 579 1195 626 receptiori
1209 579 1377 615 sententia
1394 579 1465 626 ipse
1481 591 1547 614 non
1573 580 1611 615 fit
1624 580 1774 616 minister
1787 594 1866 617 ma-

393 633 458 677 gni
485 630 587 674 hujus
615 631 854 669 Sacramenti,
881 626 935 665 sed
959 627 999 665 stt
1012 626 1106 666 testis
1130 625 1322 673 spectabilis
1350 628 1583 668 matrimonii,
1606 628 1758 674 quicum
1782 627 1864 664 aliis

398 675 540 711 testibus
565 685 694 711 certam
718 674 837 710 reddat
861 674 1043 713 Ecclesiam
1063 675 1175 714 hunc,
1201 684 1302 720 atque
1324 673 1420 713 illam
1436 674 1695 710 matrimonium
1717 685 1864 710 contra-

398 722 504 762 xisse,
531 732 567 757 ut
591 735 633 758 ex
655 723 718 757 hac
731 733 869 769 quoque
881 721 1013 757 ratione
1041 719 1154 757 abesse
1178 722 1340 757 videatur
1364 721 1502 767 quaestio
1528 723 1568 756 de
1594 720 1829 764 jurisdictione
1845 733 1866 757 a.

400 770 578 816 Delegato
595 781 661 803 non
691 768 959 815 subdeleganda.
990 768 1073 804 Haec
1098 767 1242 802 dicimus
1257 794 1267 806 ‚
1293 777 1332 802 ut
1344 779 1394 804 res
1420 768 1458 806 in
1484 769 1634 815 apricum
1648 769 1864 816 prostratum

403 818 460 851 Ad
480 816 709 862 Amplissimos
727 816 818 851 enim
840 816 957 850 Patres
973 815 1101 863 speclat
1118 815 1325 862 respondere
1339 837 1350 855 ,

354 866 416 902 ἱΛη
432 864 555 908 constet
567 867 608 901 de
632 865 824 900 validitate
843 865 1059 905 matrimonii
1074 864 1108 900 in
1134 864 1211 910 casa
1228 866 1305 903 &eq

453 958 674 997 Affirmative
690 985 699 997 .

444 1103 654 1140 IRMANA
681 1103 1090 1141 DISPENSATIONIS
1125 1119 1133 1138 ε
1166 1105 1354 1142 Postulavit
1380 1105 1508 1149 pluries
1529 1107 1574 1142 ab
1598 1103 1869 1150 Archiepiscopo

455 1153 619 1187 Firmano
640 1152 816 1187 Antonius
830 1152 1007 1188 Petrinius
1030 1162 1128 1188 natus
1143 1153 1177 1188 in
1205 1153 1347 1200 Oppido
1364 1152 1495 1188 Montis
1517 1152 1677 1192 Liberti;
1701 1161 1739 1187 ut
1754 1152 1870 1186 Eccle-

407 1200 547 1236 fiasticae
566 1199 707 1234 Militiae
726 1198 974 1235 adscriberetur
986 1228 996 1241 ,
1020 1201 1194 1246 atprobus
1208 1203 1292 1237 licet
1308 1226 1318 1239 ,
1347 1201 1499 1242 honestus
1513 1225 1523 1239 .
1549 1200 1720 1241 &studiis
1733 1200 1869 1235 deditus

408 1248 552 1289 rejectus
568 1245 631 1281 suit
649 1245 802 1291 semper,
825 1249 914 1293 quod
927 1247 1030 1282 oculo
1060 1247 1188 1282 sinistro
1203 1273 1214 1288 ,
1236 1259 1335 1293 quem
1349 1256 1475 1282 vocant
1491 1245 1643 1282 Canonis
1659 1273 1669 1286 ‚
1693 1242 1801 1281 viiiva
1822 1244 1872 1280 fa·-

408 1296 538 1330 cultate
557 1302 709 1330 careret.
737 1294 884 1329 Romam
912 1294 1008 1329 venit
1031 1294 1234 1332 Antonius,
1261 1303 1299 1329 ut
1321 1292 1433 1329 studiis
1456 1306 1591 1340 operam
1615 1302 1780 1331 navaret,
1804 1293 1868 1326 ob-

407 1343 558 1387 tulitque
582 1352 694 1386 preces
711 1341 935 1387 Ampliffimis
958 1341 1119 1376 Patribus
1134 1368 1144 1383 ‚
1168 1341 1289 1388 quibus
1318 1340 1506 1388 postulabat
1527 1339 1809 1386 dispensationem
1828 1339 1870 1373 ab

407 1392 474 1425 hoc
499 1389 740 1435 impedimento
757 1402 767 1421 :
793 1389 997 1435 rescriptum
1017 1387 1080 1422 fuit
1106 1403 1113 1422 :
1138 1391 1315 1436 Superiori
1340 1388 1500 1432 Miffi'om's
1517 1397 1580 1435 pro
1606 1388 1869 1432 informatione,

408 1442 453 1474 css
471 1436 659 1475 votofasto
682 1440 917 1482 experimento
932 1463 940 1471 .
968 1436 1128 1482 Implevit
1141 1436 1196 1470 hic
1218 1435 1373 1470 mandata
1386 1459 1397 1473 ,
1420 1434 1715 1482 censuitquepoffe
1740 1433 1870 1480 dispen-

401 1486 479 1529 sari
496 1509 506 1523 ‚
532 1484 618 1529 qaod
638 1485 792 1517 carentia
819 1495 891 1519 cum
919 1483 991 1517 alia
1010 1485 1122 1529 gravi
1134 1484 1256 1519 vultus
1280 1483 1436 1526 foeditate
1457 1482 1630 1528 conjuncta
1646 1494 1709 1517 non
1726 1479 1796 1522 sit,
1823 1483 1869 1517 ὠ·

409 1537 569 1566 canonem
595 1528 718 1574 absque
734 1532 926 1567 indecentia
948 1530 1064 1576 legere
1074 1530 1192 1575 poffi't,
1216 1539 1255 1564 ut
1272 1543 1316 1565 ex
1335 1529 1427 1571 fiu‘Zo
1451 1533 1686 1575 experimento
1713 1538 1869 1574 comper-

405 1588 479 1613 tum
494 1577 537 1619 est
551 1600 562 1611 .
588 1575 664 1612 Post
678 1576 748 1612 haec
770 1580 903 1613 auditus
919 1575 984 1611 fuit
1000 1576 1291 1622 Archiepiscopus
1309 1601 1319 1614 ‚
1345 1586 1450 1622 eoque
1462 1575 1578 1610 audito
1591 1600 1601 1614 ‚
1628 1574 1771 1617 rejectus
1801 1571 1872 1608 fuit

405 1624 582 1660 Antonius
600 1652 608 1660 .
632 1622 744 1658 Redit
759 1624 819 1659 ille
841 1635 953 1660 tamen
965 1623 1005 1657 ad
1028 1624 1254 1670 Amplissimos
1279 1622 1394 1657 Patres
1409 1647 1419 1661 ,
1443 1622 1475 1657 &
1490 1621 1638 1669 disputat
1665 1626 1808 1658 Textum
1832 1622 1872 1655 in

407 1673 475 1715 esi
491 1672 699 1718 evangelica
722 1672 950 1717 α’ἱβίηὲῗ.ςς.,
966 1670 1059 1706 unde
1082 1671 1267 1706 desumitur
1285 1670 1352 1705 hoc
1374 1669 1653 1715 impedimentum
1666 1694 1676 1708 ,
1698 1677 1800 1714 agere
1827 1666 1871 1701 de

407 1729 449 1753 eo
463 1745 472 1757 ,
497 1718 552 1752 cui
568 1719 692 1753 oculus
704 1728 823 1754 erutus
836 1719 903 1754 fuit
915 1743 925 1756 ,
957 1729 1064 1763 neque
1080 1719 1206 1765 porrigi
1219 1718 1298 1758 Jure
1319 1715 1407 1761 posse
1421 1718 1460 1751 ad
1476 1727 1532 1750 eos
1545 1742 1555 1755 ,
1579 1715 1636 1762 qui
1650 1716 1796 1760 integros
1810 1714 1871 1748 ha-

407 1767 511 1800 beant
527 1765 643 1799 oculos
657 1790 666 1803 ,
697 1763 780 1800 licet
794 1777 880 1801 unus
891 1792 902 1804 ,
930 1772 989 1798 aut
1003 1765 1087 1799 alter
1101 1775 1222 1811 expers
1234 1764 1271 1797 sit
1285 1763 1450 1798 facultate
1466 1762 1631 1801 videndi,
1654 1763 1688 1797 hi
1702 1763 1793 1796 enim
1805 1772 1868 1796 ne-

405 1825 472 1858 que
487 1811 652 1846 deformes
666 1838 676 1850 ,
701 1823 809 1859 neque
826 1810 942 1847 mutili
958 1810 1026 1846 dici
1041 1810 1200 1856 possunt,
1227 1811 1367 1856 ideoque
1382 1810 1447 1846 hoc
1462 1809 1539 1845 casu
1552 1837 1562 1851 ,
1588 1809 1611 1844 sl
1637 1808 1733 1844 nulla
1747 1817 1871 1843 noten-

406 1869 465 1894 tur
479 1857 695 1893 deformitate
712 1884 722 1897 ‚
750 1860 833 1894 dum
848 1859 1028 1894 Canonem
1043 1860 1185 1904 legunt,
1213 1860 1305 1905 quod
1319 1859 1360 1891 ab
1372 1856 1611 1903 experimento
1628 1854 1842 1903 dignoscitur
1855 1880 1867 1896 .

408 1906 589 1951 dispensari
604 1903 692 1952 posse
707 1931 717 1944 ,
747 1914 783 1940 ut
799 1906 1059 1952 frequentiflimc
1073 1904 1252 1952 dispensari
1266 1903 1376 1940 solent
1396 1905 1493 1947 juxta
1506 1903 1697 1940 docuinam
1710 1902 1866 1949 Reginal.

408 1955 768 2001 inprax.fi27·.poenit.
782 1963 859 1989 tom.
876 1964 906 1990 2.
923 1952 983 1989 lib.
1001 1963 1055 1992 30.
1075 1954 1160 1996 feH.
1175 1963 1205 1987 2.
1222 1954 1259 1989 de
1286 1952 1430 2000 irregus.
1447 1951 1488 1987 ob
1508 1952 1627 1995 defebl.
1653 1948 1865 1993 membr.sub

408 2013 498 2038 num.
515 2011 567 2042 491
584 2002 676 2044 verfi
689 2002 835 2037 adverte
848 2003 955 2044 '’Joan.
982 1999 1051 2035 Sir.
1077 2001 1232 2046 Theolog.
1250 2000 1372 2037 moral.
1387 1999 1484 2035 mul.
1503 2007 1556 2038 31.
1570 2007 1641 2046 cap.
1660 2009 1690 2038 ς.
1714 2005 1811 2044 part·
1828 2005 1863 2040 3.

407 2060 500 2083 num.
516 2048 571 2082 26.
586 2046 620 2094 ᾧ.
635 2049 769 2082 cecitas
788 2054 949 2091 Layman.
962 2047 1025 2082 lib.
1037 2058 1064 2081 1.
1085 2049 1276 2091 trablat.5'.
1293 2058 1375 2094 par.
1392 2056 1422 2086 5·
1436 2058 1511 2093 cap·
1525 2056 1557 2085 4·
1583 2054 1673 2080 naus.
1699 2052 1732 2077 2.
1745 2043 1866 2079 Avila

408 2098 448 2131 de
466 2095 551 2136 Gens
567 2107 593 2128 r.
605 2103 684 2139 par.
701 2106 738 2139 7.
765 2095 890 2142 disput.
909 2105 941 2135 3.
955 2094 1031 2130 dub.
1062 2105 1088 2129 ι.
1116 2096 1228 2128 Diana
1242 2096 1336 2138 resol.
1364 2094 1486 2128 moral.
1501 2092 1643 2126 tradat.
1655 2096 1690 2125 6.
1716 2091 1756 2127 de
1774 2097 1870 2126 Mut-

409 2144 510 2177 Surd.
526 2167 536 2180 ,
562 2145 604 2178 &⁹
632 2146 695 2175 Coc
721 2143 820 2184 resol.
841 2150 895 2176 22.
913 2142 1002 2184 verss
1018 2144 1090 2177 dico
1105 2143 1194 2176 Sair.
1218 2142 1256 2176 de
1282 2141 1399 2184 Censur
1424 2138 1487 2174 lib.
1503 2141 1539 2176 6.
1567 2146 1639 2184 cap.
1662 2141 1693 2173 8.
1713 2149 1802 2173 num.
1828 2140 1863 2171 8.

408 2188 450 2236 ᾗ.
466 2191 561 2237 Quod
576 2188 605 2230 st
621 2188 756 2231 Barboſs
783 2191 821 2224 de
841 2190 902 2234 Off.
929 2194 970 2227 ey·
989 2188 1111 2237 potest.
1135 2189 1242 2235 Episc.
1261 2197 1365 2235 part.
1383 2196 1417 2221 2.
1429 2187 1570 2232 allegat.
1594 2192 1651 2223 42.
1677 2197 1765 2220 num·
1780 2194 1835 2229 31-
1850 2208 1864 2223 .

407 2234 590 2271 Homobon.
614 2237 651 2269 de
677 2246 794 2270 exam·
813 2238 938 2282 Eccles.
963 2237 1105 2271 traHat.
1136 2244 1185 2270 12.
1199 2243 1274 2282 cap.
1290 2244 1323 2270 2.
1330 2242 1427 2283 part.
1445 2244 1478 2280 5.
1495 2236 1530 2269 in
1556 2230 1727 2276 observat.
1754 2229 1863 2267 verbo

411 2291 559 2317 malleat.

363 2329 474 2366 Addit
505 2340 571 2364 non
588 2328 651 2363 effe
681 2329 855 2375 spectanda
872 2355 881 2369 ,
909 2342 983 2376 quae
1001 2331 1036 2365 in
1063 2329 1213 2376 Epistola
1228 2328 1273 2363 ad
1300 2329 1367 2364 hoc
1383 2328 1521 2364 Sacrum
1550 2326 1727 2363 Tribunal
1756 2326 1862 2362 habet

408 2376 699 2423 Archiepiscopus
715 2404 722 2414 ,
751 2389 827 2411 nam
858 2380 946 2422 quod
959 2377 1053 2414 dicat
1079 2377 1276 2412 Antonium
1302 2377 1338 2410 in
1357 2374 1461 2411 oculo
1490 2373 1593 2410 etiam
1616 2373 1758 2413 dextero
1782 2375 1859 2408 leve

408 2425 546 2467 aliquod
565 2425 633 2470 pati
649 2423 737 2458 visus
754 2424 1031 2468 impedimentum
1049 2451 1059 2464 ,
1085 2422 1288 2458 refellitura
1312 2422 1460 2458 Medicis
1473 2448 1484 2463 ,
1505 2423 1538 2457 δι
1557 2423 1598 2457 ab
1620 2422 1859 2469 experimento

407 2470 493 2511 jussu
508 2472 598 2506 Sacri
627 2471 809 2506 Tribunali
826 2471 914 2506 faCto
935 2472 970 2506 in
985 2471 1106 2507 aedibus
1123 2468 1312 2508 Miffionis;
1336 2471 1422 2516 quod
1440 2480 1524 2505 vero
1536 2478 1637 2516 neget
1650 2469 1686 2503 in
1710 2464 1861 2502 Dioecesi

408 2516 464 2550 sua
477 2529 559 2561 opus
574 2517 637 2553 effe
650 2517 800 2554 Clericis
815 2544 824 2557 ‚
849 2519 883 2553 &
897 2518 1134 2554 Ecclesiasticis
1150 2517 1248 2552 Viris
1262 2543 1271 2557 ,
1295 2519 1385 2552 itaut
1399 2515 1602 2552 abscribendi
1614 2525 1681 2550 non
1694 2513 1758 2549 smt
1771 2513 1861 2549 Cle-

411 2562 507 2597 ricali
528 2565 686 2602 Militiae,
712 2565 770 2610 qui
789 2565 884 2600 vitio
898 2566 1018 2612 aliquo
1031 2565 1179 2610 corporis
1201 2563 1265 2598 slnt
1289 2562 1397 2598 affecti
1411 2589 1421 2603 ,
1446 2563 1558 2598 minus
1573 2573 1694 2598 verum
1715 2559 1779 2596 ess'e
1793 2560 1860 2596 in..-

411 2609 553 2655 Oppido
578 2611 696 2645 saltem
711 2612 845 2647 Montis
876 2612 1033 2652 Liberti,
1056 2622 1094 2646 ut
1117 2611 1278 2656 probatur
1299 2609 1616 2648 testificationibus,
1642 2619 1749 2654 neque
1775 2608 1861 2644 hanc

409 2656 481 2705 ejus
498 2658 667 2691 rationem
679 2658 820 2693 obfuisse
842 2659 1001 2695 Silvestro
1016 2657 1203 2694 OCtaviani
1220 2658 1255 2692 in
1269 2657 1388 2693 eodem
1402 2656 1537 2704 Oppido
1546 2663 1638 2693 nato,
1651 2655 1710 2690 cui
1722 2666 1788 2701 par
1803 2655 1863 2689 vi-

410 2710 464 2737 tio
483 2703 573 2737 oculi
590 2703 758 2738 laboranti
774 2706 862 2740 nihil
879 2705 946 2750 ipse
961 2705 1143 2753 opposuit,
1167 2704 1221 2739 sed
1235 2703 1514 2749 dispensationem
1531 2729 1542 2742 ,
1571 2712 1670 2748 quam
1687 2701 1748 2737 ille
1764 2701 1864 2736 obti-

409 2750 508 2791 nuit,
530 2759 718 2797 exequutus
731 2749 776 2786 est
791 2776 801 2790 ,
826 2751 973 2787 utnulla
1001 2752 1103 2789 reddi
1119 2751 1209 2789 ratio
1222 2752 1345 2798 pellit.
1371 2761 1431 2788 cur
1458 2750 1545 2786 idem
1573 2749 1699 2787 vitium
1723 2748 1783 2831 ulli
1797 2750 1866 2784 ob-

1729 2807 1747 2831 e
1776 2808 1794 2831 e
1807 2819 1819 2835 ,

1971 1498 1978 1551 a

1972 1549 1978 1655 l

1974 1657 1978 1739 l

1974 1742 1978 1783 ¹}
