1977 3028
102 177 125 190 ,‚
153 159 204 185 tur
218 149 261 185 de
281 150 382 186 rebus
406 146 696 186 concernentibus
719 148 902 188 Ecclesiam
919 176 929 192 ,
970 151 1162 188 sacrarium
1179 180 1189 194 ,
1223 154 1459 203 Cappellanos
1475 184 1485 198 ‚
1516 123 1577 195 lia!

96 222 119 240 ,‚
145 195 349 233 servientes3
360 197 487 233 Altero
502 195 671 243 quaefitum
678 198 766 241 fuit:
779 199 837 234 An
848 198 1021 235 Canonici
1035 200 1188 243 adjunffi
1204 202 1330 240 habere
1345 205 1472 240 debent
1482 218 1576 244 eam..

94 270 118 286 ‚‚
142 246 217 280 dem
229 256 352 280 vocem
365 242 512 279 activam
524 243 559 278 in
578 243 816 281 nominatione
829 244 1095 283 Canonicorum
1110 274 1121 288 ,
1142 247 1292 287 Parochi
1303 278 1314 292 ,
1333 252 1575 299 Cappeilano—

91 316 118 331 2,
142 301 231 332 rum,
241 292 452 337 aliorumque
466 289 703 327 Ministrorum
718 290 874 329 Ecclefiae
886 317 910 332 2,
921 292 936 328 3
946 290 1142 337 Respondit
1156 296 1208 332 his
1223 298 1362 335 Sacrum
1375 299 1546 337 Tribunal
1560 315 1573 338 e

92 341 155 373 Ad
169 344 199 371 l.
213 344 257 377 (¹9-
272 344 314 376 II.
331 338 558 382 Affirmative
572 364 583 378 ,
609 344 652 375 Θ*
668 340 819 387 amplius
835 367 843 375 .
871 340 948 376 Hac
963 339 1164 377 definitione
1179 343 1294 380 omnis
1323 346 1454 384 sublata
1469 349 1574 385 vide-

92 385 196 422 batur
208 383 441 422 controverfia
457 409 467 424 ‚
488 396 563 432 quae
576 384 610 421 in
625 385 680 421 his
703 385 790 422 oriri
815 386 963 435 potuiffe
983 388 1076 425 inter
1096 388 1301 428 canonicos
1328 405 1462 430 veteres
1478 423 1488 437 ‚
1512 397 1571 444 qui

92 435 133 469 de
148 433 251 477 Maflh
266 431 489 481 appellantur
503 457 513 471 ,
539 433 571 467 δι
587 444 693 469 novos
712 433 908 471 Canonicos
926 462 938 476 ,
956 447 1042 482 quos
1056 441 1253 483 Adyunt‘tos
1273 451 1399 476 vocant
1416 469 1425 481 ,
1453 443 1572 480 Fccle-

92 477 146 516 siae
157 479 364 527 Collegiatae
379 479 409 513 S.
426 478 566 515 Nicolai
580 479 748 518 Civitatis
761 482 923 531 fabriani
935 497 945 517 ε
968 483 1022 519 sed
1044 495 1134 520 nova
1157 497 1250 522 nunc
1264 486 1413 534 quaestio‘
1426 501 1504 526 orta
1520 490 1571 527 est

92 527 136 562 ob
149 528 364 564 vacationem
392 526 632 563 Canonicatus
658 532 845 571 Parretti,
869 541 949 567 nam
974 531 1148 568 Canonici
1166 534 1278 575 novi,
1303 535 1372 572 five
1396 539 1569 583 Adjunffl
1604 563 1606 572 .

93 585 212 610 vocem
227 575 371 610 activam
384 572 444 609 sibi
459 574 636 611 vindicant
652 575 687 611 in
701 578 942 615 nominatione
954 580 994 615 ad
1018 579 1108 615 hunc
1125 579 1380 619 canonicatum
1397 597 1407 618 =
1431 585 1569 621 Contra
1603 598 1607 612 ¹

92 632 176 656 vero
188 621 287 658 Prior
299 647 309 661 ‚
323 622 356 658 δι
368 620 545 673 Canonici
561 631 700 661 veteres
712 649 723 664 ‚
742 625 810 663 five
820 629 861 664 de
874 627 979 676 Maffa
992 638 1054 664 eos
1066 628 1223 665 exclusos
1237 631 1363 668 volunt
1374 643 1392 666 a
1406 631 1422 674 J
1428 645 1486 670 ure
1500 631 1569 669 suf-
1603 633 1607 674 Ξ

91 665 193 715 sragii
208 695 219 710 ,
246 670 278 705 &
294 669 538 705 nominationis
556 695 567 713 ,
1603 679 1607 686 ¹

51 714 266 752 Sebastianus
281 715 429 752 Parretti
445 727 533 751 anno
554 728 655 767 ¹713·
669 744 680 760 ,
701 732 768 767 quo
782 729 938 768 tempore
957 733 1046 759 unus
1057 723 1240 759 dumtaxat
1253 725 1428 768 adiunctus
1453 725 1569 764 fuerat

90 774 205 800 novus
221 764 460 800 Canonicatus
475 776 494 800 a
514 765 658 804 Didaco
673 767 780 805 Merli
792 781 885 807 anno
900 773 999 818 1677.
1013 797 1024 812 ,
1049 771 1230 808 secundum
1241 773 1502 812 Canonicatum
1515 777 1570 812 ad·
1606 822 1608 825 ι

88 810 227 855 junxit,
253 812 286 847 δι
301 812 392 848 inter
408 811 497 859 leges
511 811 579 850 sive
597 816 815 854 conditiones
832 843 843 858 ,
869 830 952 864 quas
965 819 1093 862 adiecit
1107 847 1116 861 ,
1146 820 1197 856 hae
1209 821 1281 857 duae
1299 821 1438 858 fuerunt
1452 837 1462 856 ε
1491 823 1569 859 Pri-

88 868 145 895 ma
158 885 182 899 ‚,
204 859 268 894 che
282 859 368 905 dopo
381 859 413 895 la
429 869 540 896 morte
557 862 590 898 di
605 864 701 899 detto
718 864 842 912 Signoi·
869 867 1019 902 Parretti
1036 894 1047 907 ,
1074 868 1108 904 le
1122 868 1213 903 altre
1228 869 1368 905 nomine
1386 895 1397 910 ‚
1421 871 1484 907 che
1496 873 1569 907 do-

88 929 112 945 „
137 917 278 943 vranno
292 906 367 942 farfi
381 907 419 942 in
431 906 658 957 qualfivoglia
674 922 822 948 vacanza
836 914 871 949 di
883 915 980 949 detto
992 913 1218 951 canonicato
1231 942 1241 955 ,
1264 916 1360 953 siano
1370 945 1379 957 ,
1400 930 1419 953 e
1433 919 1569 954 debba-

90 978 116 994 „
141 965 186 988 no
201 952 277 989 sarii
289 953 377 990 dalli
394 955 528 1000 Signori
542 957 663 994 Priore
682 984 691 999 ‚
715 959 890 996 Canonici
917 962 948 997 ὼ
963 961 1072 998 Massa
1090 989 1099 1002 ‚
1128 973 1147 998 e
1177 962 1362 1000 Canonico
1384 965 1570 1013 possessore

90 1027 115 1043 ,‚
140 1001 192 1036 del
209 1001 431 1037 Canonicato
444 1001 554 1039 Mei-li·
569 1031 579 1046 ,
605 1006 646 1041 da
662 1006 757 1054 quali
783 1009 1073 1055 capitularmente
1086 1009 1122 1045 in
1134 1020 1304 1056 perpetuo
1318 1012 1479 1049 debbano
1491 1012 1571 1050 farri

89 1074 114 1089 „
142 1047 175 1083 le
189 1051 282 1084 deite
299 1048 460 1084 nominee
487 1053 617 1091 =Altero
641 1066 723 1092 vero
735 1073 762 1080 --
796 1055 859 1092 che
871 1059 967 1092 detto
980 1056 1038 1103 Sig
1069 1057 1196 1093 Nicola
1215 1058 1341 1092 Anima
1357 1085 1379 1098 ,,
1394 1060 1478 1103 (hic
1501 1060 1572 1097 fuit

86 1095 286 1132 canonicus
300 1096 432 1143 primus
450 1108 469 1131 a
493 1098 689 1136 Sebastiano
707 1104 898 1139 Fundatore
924 1106 1121 1139 nominatus
1135 1131 1145 1145 ,
1169 1103 1227 1139 sed
1244 1105 1302 1151 qui
1322 1116 1545 1143 renunciavit
1557 1133 1571 1149 ‚

85 1144 117 1178 δι
133 1155 175 1179 ex
189 1144 261 1186 eins
275 1144 537 1180 renunciatione
550 1148 746 1185 nominatus
763 1149 829 1186 suit
844 1152 1082 1199 Hieronymus
1096 1151 1128 1188 G
1138 1152 1237 1192 lius,
1265 1154 1364 1196 cujus
1378 1162 1490 1189 morte
1503 1166 1571 1190 va—

86 1193 183 1226 cavit
197 1202 304 1236 nuper
323 1190 559 1230 Canonicatus
572 1196 718 1232 Parretti
732 1201 749 1241 )
763 1223 785 1238 ‚‚
810 1211 852 1233 ne
868 1200 892 1234 li
910 1200 986 1235 suoi
1001 1198 1186 1235 Success'ori
1200 1201 1236 1236 in
1250 1198 1352 1237 detto
1365 1201 1573 1238 canonica-

87 1263 115 1280 „
138 1247 175 1272 to
190 1238 316 1284 poffino
336 1239 538 1278 renunziare
553 1243 578 1279 il
604 1243 825 1281 Canonicato
839 1272 850 1286 ‚
874 1259 897 1282 o
911 1246 984 1282 fare
997 1247 1218 1290 Coadjutore
1235 1275 1245 1289 ,
1272 1260 1291 1283 e
1307 1250 1489 1287 iacendolo
1504 1276 1514 1291 ,
1544 1250 1573 1287 il

87 1309 112 1327 „
135 1295 232 1321 tutto
246 1285 289 1321 sia
306 1285 550 1332 nullo‚pei·che
565 1291 597 1326 la
611 1294 749 1328 nomina
767 1296 875 1329 debba
888 1294 970 1330 effer
984 1293 1111 1340 sempre
1131 1307 1190 1341 per
1203 1298 1298 1331 detto
1309 1295 1495 1342 capitolo,
1507 1309 1574 1334 co-

85 1356 113 1373 „
142 1344 196 1367 me
211 1331 232 1367 fi
246 1332 265 1368 ὲ
279 1335 375 1369 detto
389 1335 421 1369 di
437 1335 532 1381 sopra
546 1362 556 1377 ,
579 1349 779 1376 eccettuato
793 1343 822 1377 le
837 1343 976 1378 nomine
990 1342 1156 1378 tiservate
1169 1369 1194 1382 ,‚
1211 1369 1219 1377 .
1249 1344 1334 1378 i-lin.
1357 1354 1400 1379 ot>
1415 1346 1474 1380 has
1489 1348 1574 1382 duan

85 1379 180 1427 leges
195 1406 205 1420 ,
226 1380 487 1418 &conditiones
505 1411 515 1425 ‚
540 1398 613 1433 qux
644 1390 823 1426 contrarie
847 1390 1011 1426 vida-ntur
1027 1416 1034 1428 ,
1059 1401 1137 1425 cum
1163 1389 1270 1436 prima
1296 1392 1574 1429 nominationem

85 1427 219 1464 dederit
235 1429 269 1464 al
287 1432 413 1465 Priore
427 1456 436 1470 ,
463 1437 620 1469 &nonni
636 1438 672 1471 di
696 1438 800 1483 lefiz
814 1463 825 1478 ,
850 1452 867 1474 e
888 1440 1051 1474 canonico
1076 1439 1247 1484 t-oJJ'eriore
1274 1441 1331 1475 del
1365 1443 1575 1478 eanonicam

86 1477 194 1512 Merli
207 1501 218 1515 ,
237 1475 380 1512 secunda
398 1490 481 1514 vcro
498 1478 766 1519 nominationem
780 1484 906 1521 dederit
922 1484 1093 1529 Capitulo
1109 1499 1116 1518 :
1144 1486 1179 1520 la
1197 1490 1333 1522 nomina
1357 1487 1466 1523 debba
1492 1489 1575 1534 effer

83 1523 216 1570 sempre
226 1530 403 1571 pcrrdecto
421 1530 572 1572 capitolo
588 1558 596 1569 ,
620 1541 695 1566 orta
712 1533 756 1567 est
778 1533 866 1568 inter
879 1544 1012 1569 veteres
1025 1559 1035 1572 ,
1067 1532 1247 1580 novosque
1260 1533 1464 1571 canonicos
1486 1545 1575 1571 con-

89 1570 250 1606 troversia
266 1597 274 1609 ‚
294 1583 367 1617 quae
382 1574 424 1608 ab
442 1574 719 1615 Eminentiiiiinis
739 1582 895 1616 fatribus
911 1591 1000 1616 nunc
1012 1579 1059 1616 est
1088 1578 1282 1617 defimenda
1300 1609 1307 1618 .

40 1614 174 1700 Urhgent
187 1630 268 1653 novi
283 1620 452 1670 Canonici
471 1628 634 1669 All-funeb
652 1628 722 1672 post
737 1629 972 1664 fundationem
985 1626 1173 1665 Sebastiam
1192 1628 1343 1666 Parretti
1358 1640 1425 1665 rem
1442 1629 1505 1666 ess'c
1518 1632 1575 1668 de-

112 1664 216 1700 ni‘arn
233 1667 394 1708 responsis
407 1668 477 1705 illis
493 1670 590 1707 Sacri
606 1673 705 1715 hujus
718 1674 924 1712 Tribunalis
940 1678 1018 1712 latis
1034 1681 1089 1714 a'ie
1113 1690 1141 1715 ι.
1159 1682 1289 1716 Marcii
1300 1691 1385 1714 anno
1405 1689 1490 1726 1749
1519 1682 1576 1719 n&

83 1713 274 1761 presertim
289 1714 436 1751 secundo
450 1742 461 1755 ,
489 1730 558 1763 quo
572 1719 750 1758 &finitum
767 1722 831 1758 suit
846 1734 904 1759 eos
919 1725 1046 1761 habere
1064 1736 1182 1760 vrcem
1199 1727 1354 1763 aetivam
1371 1730 1403 1764 1’n
1418 1732 1576 1764 “antina-

84 1765 181 1798 tione
200 1766 440 1813 Cznonicorjaem
454 1787 466 1799 .
494 1765 627 1813 Urgent
643 1779 799 1814 apertam
817 1776 1000 1806 verborum
1015 1769 1275 1817 dispositionem
1287 1800 1298 1815 ,
1328 1775 1455 1821 quibus
1481 1773 1577 1810 Fun-

85 1811 184 1846 dator
207 1807 409 1845 monstravit
426 1814 538 1847 verbis
561 1815 631 1850 illis
657 1817 941 1853 antecedentibus
967 1820 1003 1854 al
1031 1823 1157 1854 Priore
1174 1844 1184 1858 ,
1213 1824 1420 1857 C.1n07·1'c1‘di
1446 1824 1575 1867 Masta,

87 1859 251 1893 canonico
268 1857 446 1902 ‘PolleJJbre
473 1862 529 1895 del
549 1867 752 1899 (manicata
772 1867 878 1901 iderti
905 1875 972 1899 non
993 1864 1206 1900 intellexiste
1223 1891 1233 1907 ,
1258 1867 1320 1902 nifi
1345 1867 1575 1910 Canituium.

83 1906 178 1950 quod
195 1913 275 1939 tunc·
290 1904 340 1939 his
357 1907 514 1942 omnibus
527 1913 802 1953 componebatur
814 1936 825 1951 ,
846 1913 926 1947 dum
943 1911 1167 1957 sequentibus
1183 1914 1299 1950 verbis
1316 1915 1430 1962 inquit
1459 1917 1495 1951 la
1510 1929 1578 1952 no-

85 1956 178 1988 mine.
199 1950 303 1988 debba
319 1955 514 1998 effer-semp
569 1967 623 1994 ,νηῒ
658 1963 751 1993 detio
773 1961 951 2005 capitolo.
983 1959 1116 2004 Urgent
1131 1963 1358 2004 coniecturam
1383 1964 1579 1999 voluntatis

87 2010 240 2044 apertam
254 1998 459 2035 admittendi
475 2002 518 2036 ad
534 2004 810 2040 nominationem
826 2017 937 2041 novos
953 2006 1154 2041 Canonicos
1173 2034 1183 2049 ,
1210 2009 1232 2044 si
1247 2011 1307 2046 alii
1319 2010 1468 2051 adiunCti
1493 2010 1578 2048 fuis-

87 2047 183 2088 sent,
205 2047 378 2082 deductam
395 2059 436 2083 cx
460 2049 695 2086 reservatione
709 2051 865 2099 expressa
882 2053 999 2089 favore
1019 2054 1075 2089 del
1091 2059 1251 2094 amonica
1262 2060 1430 2105 pojt'ejaeore
1445 2061 1501 2097 del
1515 2065 1578 2094 Ca—

88 2097 244 2130 nonium
263 2096 386 2137 naevii,
411 2096 470 2142 qui
487 2109 530 2131 eo
544 2106 702 2144 tempore
721 2111 808 2136 unus
821 2111 894 2136 erat
922 2113 964 2137 ex
993 2113 1096 2138 nov1s
1110 2100 1324 2146 canonicis',
1345 2101 1438 2143 {ilios
1456 2106 1579 2154 procul

89 2143 190 2177 dubio
203 2149 388 2180 vocaturus
407 2144 577 2180 Fundator
592 2171 602 2184 ,
629 2147 650 2181 ii
679 2147 740 2182 alii
766 2147 1004 2186 Canonicaius
1027 2150 1179 2192 adiuncti
1202 2151 1372 2194 fuissentg,
1390 2157 1509 2201 Atque
1525 2154 1581 2190 his

88 2190 264 2236 praecipuis
283 2193 477 2227 rationibus
496 2197 707 2229 contendunt
734 2197 816 2230 novi
835 2195 1006 2233 Canonici
1021 2197 1112 2235 hanc
1125 2200 1345 2248 quaestionem
1363 2204 1404 2238 de
1416 2202 1578 2239 Canoni-

87 2244 170 2271 catu
186 2242 347 2276 Parretti
359 2240 606 2287 comprehendi
623 2242 746 2278 debere
762 2244 795 2278 in
813 2241 1015 2281 definitione
1034 2245 1120 2283 facta
1136 2251 1178 2283 ab
1202 2247 1482 2286 Eminentiiiiinis
1502 2249 1579 2286 Pa-

88 2284 201 2320 tribus
217 2287 269 2322 die
291 2297 321 2321 i.
336 2291 463 2323 Martii
477 2303 560 2325 anno
582 2300 682 2335 ¹7³9·
703 2291 838 2326 Contra
859 2304 945 2329 vero
961 2294 1060 2340 Prior
1077 2322 1088 2336 ,
1112 2297 1145 2333 ὅ(
1164 2306 1298 2334 veteres
1313 2297 1492 2334 Canonici
1510 2295 1580 2334 five

88 2333 128 2368 de
140 2331 243 2378 Maffa
258 2332 333 2370 aliis
348 2335 541 2372 rationibus
557 2338 794 2380 contendunt,
820 2350 928 2375 novos
948 2367 959 2380 ,
984 2340 1054 2376 sive
1068 2345 1265 2381 Adiunc'los
1278 2357 1347 2382 non
1362 2344 1428 2380 css'e
1445 2345 1580 2381 admit-

87 2376 210 2414 nendos
222 2381 336 2423 adjus
350 2380 498 2430 suffragii
517 2411 527 2424 ‚
554 2387 584 2420 ὄι
605 2388 854 2423 nominationis
869 2391 910 2423 ad
925 2389 1016 2424 hunc
1028 2388 1290 2429 Canonicatum
1306 2420 1317 2435 ‚
1343 2393 1375 2429 &
1392 2393 1445 2430 his
1463 2394 1579 2430 ratio-

87 2427 186 2462 nibus
199 2453 210 2467 ‚
239 2439 320 2472 quas
336 2431 418 2466 novi
434 2432 609 2469 eanonfci
631 2444 826 2478 proponunt
839 2462 850 2476 ,
877 2435 1093 2483 respondent
1109 2467 1115 2473 .

39 2472 183 2522 Negant
208 2475 301 2511 enim
324 2475 467 2518 potuisse
481 2481 526 2515 ab
558 2480 840 2518 Eminentissimis
865 2483 1025 2520 Patribus
1046 2486 1298 2535 comprehendi
1321 2488 1578 2527 Canonicatcim

88 2522 301 2558 Parretciin
315 2522 520 2562 definitione
535 2531 606 2565 diei
635 2542 664 2565 i.
681 2532 810 2566 Martii
825 2540 922 2577 ¹749*
941 2557 952 2572 ,
977 2543 1054 2569 cum
1068 2546 1111 2571 eo
1127 2544 1283 2581 tempore
1300 2536 1345 2572 de
1360 2538 1488 2574 duobus
1507 2549 1580 2573 tan-

87 2576 163 2604 tum
178 2570 286 2605 assum
304 2568 408 2607 fuerit
421 2598 431 2612 ,
457 2573 522 2609 hoc
539 2577 762 2613 Canonicatu
776 2588 925 2622 excepto
937 2605 948 2620 ,
978 2589 1015 2614 ut
1039 2582 1191 2618 constare
1208 2583 1327 2619 dicunt
1350 2595 1394 2619 ex
1422 2585 1552 2620 libellis
1564 2610 1577 2626 ‚

87 2617 149 2664 qui
163 2626 244 2655 tunc
257 2618 326 2653 dati
344 2618 483 2655 fuerunt
494 2633 512 2656 a
526 2622 721 2660 Canonicis
739 2624 939 2667 Adiunctis.
965 2627 1109 2674 Negant
1123 2631 1211 2666 hunc
1222 2629 1478 2668 canonicatum
1494 2632 1581 2667 Par-

87 2666 172 2700 retti
183 2667 428 2711 comprehendi
448 2670 597 2714 potuisse
614 2699 623 2714 ,
650 2673 732 2718 quia
748 2685 791 2710 ex
804 2673 882 2721 lege
895 2674 1110 2713 fundationis
1134 2677 1192 2719 Jus
1207 2689 1412 2726 patronatus
1427 2691 1496 2716 non
1513 2678 1580 2714 suit

85 2712 205 2748 datum
220 2712 392 2759 capitulo
407 2741 418 2755 ‚
447 2726 504 2751 aut
533 2718 722 2756 Canonicis
745 2721 781 2755 S.
797 2721 959 2762 Nicolai,
981 2735 1048 2769 quo
1071 2724 1151 2761 casu
1174 2725 1233 2768 jus
1261 2725 1327 2763 esse
1346 2726 1453 2772 posset
1475 2728 1581 2762 etiam

86 2761 189 2797 noviS
203 2759 394 2798 Canonicis
408 2789 420 2804 ,
444 2762 512 2802 five
529 2769 717 2813 Adjunffis
736 2794 747 2811 ,
772 2768 826 2806 sed
840 2768 963 2808 datum
980 2771 1050 2810 fuit
1074 2773 1179 2812 certis
1204 2775 1368 2824 personis
1390 2773 1583 2824 nominatis

1463 2829 1516 2858 nn
