1977 3028
555 100 1226 151 ETRESOLUTIONUM.
1718 130 1764 173 89

276 142 358 180 {AD
377 147 418 186 ’Ν
433 153 457 182 0
476 151 552 182 TA
567 155 594 182 T
606 155 622 181 J
635 157 659 185 O
674 176 682 185 .

79 182 213 237 Eligere
232 215 240 228 ‚
270 191 301 225 &
328 195 510 229 extrahere
539 197 674 241 puellas
704 199 900 244 Synonima

123 238 202 273 sunt
217 264 226 277 ,
254 235 283 272 ὅ(
300 243 495 286 promiscue
510 243 652 289 dejure
678 247 899 291 accipiuntur

122 287 149 321 l.
165 283 194 327 fi
208 289 387 335 optimcffl
405 293 448 324 ad
466 290 628 326 exhiben.
649 291 896 342 isz'.fioptione

125 335 219 368 intra
249 343 379 371 certum
403 344 537 383 tempus
558 340 639 373 data
660 341 835 384 judiciam
858 347 893 379 in

125 383 163 417 id
180 388 314 426 tempus
331 385 525 420 extrac‘t'um
558 385 601 423 eli'
615 411 625 424 ‚
654 397 720 431 quo
747 391 889 425 utilitas

119 427 288 475 petitoris
306 431 547 472 conservetur:
564 431 867 471 Attamen-elefflo
881 463 893 477 ,

125 472 159 509 &
175 474 339 509 extractio
353 476 388 510 in
405 477 466 511 hoc
480 478 628 513 diferunt
640 505 650 519 ,
676 491 753 516 narn
768 483 890 519 elefflo

121 520 315 566 puellarum
330 523 436 568 potest
450 523 514 560 esse
530 526 672 572 publica
686 552 696 566 ,
721 529 752 563 δι
768 530 889 574 priva·

124 577 181 605 123
211 567 350 612 'publica
365 597 375 610 ,
401 571 423 606 ss
438 569 505 606 fita't
523 573 677 618 pluribus
702 576 887 625 colleClive

120 614 262 658 sumptis
288 641 298 655 ,
324 619 459 662 privata
485 644 495 658 ‚
518 620 657 667 quando
681 616 721 656 fit
747 625 789 658 ab
816 637 883 661 una

118 672 180 707 per
196 661 348 705 literam,
375 664 590 712 fingrapbum
607 694 617 707 ,
638 677 699 702 aut
711 670 806 717 aliud
820 674 885 708 do-

116 707 312 744 cumentum
336 711 431 753 juxta
458 717 615 758 praxim3
641 717 693 750 At
719 720 883 755 extractio

116 754 311 802 semper-*est
326 759 469 804 publica
483 788 493 800 ‚
524 763 554 796 ὅ(
572 761 611 796 fit
626 765 759 808 quando
773 769 880 813 puel-

113 802 154 837 1ae
166 814 207 837 ex
222 815 308 838 urna
322 807 549 844 extrahuntur
568 810 786 853 praesentibus
812 815 876 855 iis,

113 850 235 895 quibus
253 851 416 892 interest,·
443 856 495 891 lta
514 857 604 902 apud
631 861 823 904 Virgilium
839 868 875 899 σε

110 899 254 936 ωϊηεὶεἰ.
269 898 337 936 ibi.
349 902 512 947 Qtaefitor
523 909 646 939 Mimos
660 917 781 943 urnam
800 920 875 944 mo-

110 953 172 978 vet
184 970 195 984 ‚
221 945 252 978 δῑ
268 947 355 992 apud
372 953 521 986 Statium
537 973 549 985 .
568 951 721 989 Arbiter
736 955 795 990 hos
810 958 871 991 du-

109 1002 148 1024 ra
164 992 284 1034 ‘versat
303 1000 491 1038 Gorrynius
503 1010 587 1034 urna
603 1025 611 1034 .

59 1035 131 1073 Hic
145 1050 276 1084 quoque
290 1051 362 1076 mos
377 1041 442 1077 fuit
459 1043 691 1081 Rornanorum
707 1046 741 1082 in
769 1049 868 1086 sorti-

96 1083 196 1120 tione
218 1085 374 1127 judicum
396 1116 405 1128 ‚
436 1089 596 1127 Urbanus
620 1095 714 1128 enirn
737 1096 867 1134 Praetor

101 1140 240 1176 praeerat
255 1160 264 1173 ‚
282 1134 349 1170 hoe
360 1136 408 1173 est
420 1149 479 1182 per
495 1139 619 1174 sortem
637 1165 647 1179 ,
664 1142 695 1176 &
712 1140 865 1181 futurum

99 1189 263 1215 eventum
277 1181 467 1229 designabat
483 1197 525 1221 ex
553 1188 702 1223 decuriis
717 1216 727 1229 ‚
753 1191 785 1224 &
801 1204 865 1227 or-

99 1225 240 1262 dinibus
257 1239 312 1263 eos
325 1255 335 1268 ,
363 1231 423 1276 qui
441 1245 578 1279 quoquo
593 1238 746 1281 tempore
768 1237 865 1280 judi-

96 1282 243 1314 carent,
266 1275 348 1311 &in
364 1275 439 1313 albo
456 1280 518 1315 suo
536 1281 782 1323 describebat;
808 1287 863 1322 lta

94 1318 264 1356 Consules
276 1348 287 1362 ‚
314 1322 536 1362 proconsules
550 1355 560 1368 ‚
584 1330 614 1364 δι
636 1329 800 1368 Praetores
815 1346 860 1370 ex

94 1364 172 1414 lege
199 1367 343 1404 Curiata
366 1370 570 1411 Provincias
592 1376 830 1416 sortiebantur
846 1404 858 1422 ‚-

91 1423 132 1448 ut
143 1415 227 1451 dicit
242 1419 354 1453 Cicero
372 1421 510 1466 Epistol.
522 1424 703 1466 familiar.
715 1425 756 1460 Et
766 1429 856 1472 apud

89 1470 152 1496 nos
168 1464 314 1499 verbum
332 1464 449 1502 sortiri
466 1469 501 1504 in
517 1469 576 1505 usu
602 1471 656 1518 loq
665 1474 762 1508 uendi
779 1475 854 1512 frae'-

89 1519 195 1553 quens
210 1509 255 1545 est
268 1537 278 1549 ‚
303 1521 366 1547 nec
380 1513 476 1550 aliud
500 1515 670 1562 fignificat
685 1546 696 1559 ,
716 1533 853 1601 guam„

86 1554 216 1600 aliquid
241 1559 441 1604 acquirere,
465 1563 515 1597 ita
538 1562 651 1599 sortiri
677 1568 712 1609 ju
739 1567 850 1611 icem,

86 1599 200 1637 sortiri
217 1603 433 1642 Provinciam
446 1635 456 1648 ‚
483 1610 594 1646 sortiri
609 1611 726 1647 forum
742 1614 848 1663 habe-

84 1650 142 1683 iur'
154 1650 189 1686 c'n
204 1649 237 1696 §-
252 1656 407 1700 arripiat
419 1657 557 1693 authen.
573 1668 612 1694 ut
626 1665 739 1697 omnes
754 1663 848 1700 obed.»

82 1693 358 1744 judiaprovinc.
373 1700 540 1737 Praeterea
557 1716 599 1740 ex
627 1706 678 1741 his
703 1709 771 1749 juri
790 1711 845 1746 in-

83 1742 208 1778 nititur
221 1745 389 1782 resolutio
403 1749 501 1792 hujus
516 1752 605 1787 Sacri
627 1752 845 1800 Tribunalis,

82 1786 128 1824 de
140 1798 205 1837 qua
221 1792 316 1837 supra
334 1820 344 1833 ,
372 1807 448 1832 narn
464 1800 632 1834 extractio
647 1802 843 1845 puellarum

78 1841 151 1871 non
176 1840 281 1883 potest
307 1842 382 1877 fieri
409 1845 497 1880 clam
513 1873 522 1884 ‚
549 1847 581 1880 ὅ(
608 1847 762 1890 secreto,
787 1854 842 1888 sed

78 1883 194 1930 palam
208 1887 240 1921 ὅ(
256 1888 394 1932 publice
408 1918 418 1931 ‚
442 1893 497 1926 vel
514 1893 631 1929 saltem
647 1901 761 1932 coram
778 1900 843 1936 Pa-

78 1932 181 1967 trono
194 1931 351 1971 Ecclefiae
367 1964 377 1979 ‚
402 1939 458 1974 cui
473 1939 609 1977 interest
625 1970 635 1982 ‚
659 1953 697 1978 ut
713 1946 839 1982 volun—

77 1985 129 2013 tas
143 1977 334 2018 Testatoris
360 1985 540 2027 servetur,
567 2000 645 2024 nam
666 1996 837 2032 extractio

75 2025 270 2071 puellarum
284 2057 294 2070 ‚
318 2043 391 2077 quae
406 2035 449 2068 ab
466 2034 544 2070 aliis
570 2041 811 2078 executoribus
825 2071 835 2085 ‚

73 2072 226 2110 Patrono
239 2078 402 2122 praesente
416 2080 455 2116 fit
470 2108 481 2121 ‚
507 2081 714 2131 subrogatur
727 2087 761 2123 in
781 2091 838 2124 lo-

73 2128 153 2155 cum
177 2122 263 2164 juris
285 2127 483 2165 nominandi
507 2132 665 2175 puellas,
691 2145 765 2178 quae
788 2138 838 2172 ei-

73 2163 151 2202 dem
164 2179 207 2204 ex
222 2182 336 2209 mente
351 2174 519 2212 testatoris
546 2184 786 2225 competeret,
812 2185 835 2221 fi

74 2216 237 2252 extractio
251 2223 319 2256 non
334 2219 431 2258 fieret
455 2233 528 2272 cap.
547 2235 721 2275 praeterea
736 2240 770 2266 2.
793 2236 834 2270 de

64 2259 243 2310 jurepatr.
253 2281 325 2316 cap.
340 2282 469 2316 quanto
483 2274 522 2308 de
537 2276 625 2318 cens.
638 2277 661 2311 l.
674 2288 772 2313 unum
787 2293 833 2316 ex

68 2307 210 2349 familia
228 2315 259 2356 §.
275 2317 349 2362 1⁴0ff.
359 2321 398 2354 de
413 2321 481 2367 leg.
495 2331 527 2356 2.
542 2322 573 2356 &
598 2323 681 2359 alibi
698 2323 782 2371 saepe
796 2340 809 2362 .=

214 2451 378 2495 FUNUS
392 2489 402 2501 ‚
428 2462 629 2503 FUNERA
644 2493 655 2503 .

23 2492 260 2577 PArochus
285 2508 381 2542 causa
408 2513 545 2554 majoris
564 2514 696 2552 itineris
720 2520 830 2562 majus

115 2545 316 2595 stipendium
331 2556 373 2589 ab
385 2556 575 2596 haeredibus
586 2562 736 2599 defuncti
759 2579 828 2613 pe—

74 2599 147 2639 tere
159 2622 169 2635 ,
194 2599 225 2633 δι
241 2600 382 2649 exigere
399 2616 464 2640 non
479 2607 583 2654 potest
597 2609 631 2655 §-
648 2614 825 2660 Exploram

73 2638 159 2688 t‘i'p'.
178 2655 226 2684 5¹·

28 2682 175 2724 Nullum
190 2694 235 2728 ob
249 2699 508 2738 translationem
530 2703 735 2743 cadaverum
765 2721 824 2742 ve-

68 2733 183 2781 (tigal.
198 2738 340 2781 solvitur
352 2748 436 2784 Ihs‘sl,
450 2757 540 2788 cir-ra
548 2753 609 2793 fin,

209 2793 387 2829 Tem-XXI,

954 156 1035 191 Non
1051 159 1223 197 debentur
1250 172 1393 211 quatuor
1403 166 1523 215 primis
1535 180 1578 208 ex
1591 172 1762 219 capitulo

999 204 1219 245 Cathedralis
1237 212 1394 259 Fulginei
1414 217 1504 250 ultra
1521 217 1635 254 solitas
1646 224 1760 260 destri-

997 252 1157 289 butiones
1172 268 1320 301 quatuor
1334 261 1509 298 intorticia
1521 266 1693 304 occafione
1706 271 1756 306 in·

995 307 1170 337 terventus
1186 304 1220 339 in
1246 306 1424 344 funeribus
1440 309 1656 357 Bigamorum
1685 318 1756 354 du-

990 346 1105 382 cendis
1132 360 1231 386 extra
1255 354 1495 392 cathedralem
1532 363 1753 409 fulginatem

982 393 1120 434 funeris
1133 400 1177 431 ad
1189 410 1211 433 ι.
1225 405 1267 436 (m
1287 410 1316 445 2„
1332 404 1411 439 dub.
1426 413 1463 448 p·
1488 416 1540 449 59.

967 438 1201 478 FRUCTUS
1218 445 1577 488 CANONICALES
1597 456 1727 503 QJO·

1015 489 1090 524 AD
1116 489 1582 542 TRANSMlSSIONEM‚
1609 503 1676 538 ΕΓ

1131 537 1221 575 PER
1234 541 1547 585 leENTlAM.

937 579 1078 617 Fructus
1105 581 1337 625 canonicales
1360 590 1511 637 Ecclesiae
1539 595 1746 645 Collegiatx

980 628 1155 667 &Florini
1169 632 1568 678 CivitatisConfluentiae
1582 642 1748 682 debemur

968 675 1118 724 integre
1141 680 1331 720 haeredibus
1346 686 1518 730 Canonici
1543 691 1688 728 defuncti
1707 696 1747 729 ad

982 721 1129 760 formam
1144 727 1258 766 statuti
1274 757 1284 770 ,
1310 731 1331 766 ss
1347 732 1543 773 canonicus
1569 740 1743 784 defunctus

976 770 1047 816 post
1060 773 1185 818 primas
1201 777 1364 824 vesperas
1377 781 1409 816 S.
1424 782 1568 823 Joannis
1582 786 1739 832 Baptistae

974 830 993 852 e
1006 818 1098 855 vivis
1110 822 1283 861 excesserit
1299 831 1476 867 Treviren.
1488 834 1665 877 frmffluum
1692 839 1737 872 ad

978 878 1003 901 1.
1019 867 1188 917 ἀμάρας.
1206 882 1265 915 49.
1280 879 1323 912 ὠ
1340 885 1397 921 70.

923 909 983 947 An
1002 911 1162 951 statutum
1187 920 1329 965 loquens
1352 925 1391 957 de
1414 925 1605 964 canonicis
1629 941 1733 966 com-

974 961 1161 1006 prehendat
1174 966 1356 1004 Decanum
1372 971 1529 1010 Ecclefiae
1545 976 1629 1011 Vide
1646 982 1730 1015 Tre-

973 1008 1087 1044 viren.
1099 1012 1319 1063 frubluump.
1341 1027 1399 1063 39.>
1412 1025 1454 1057 &⁹
1469 1035 1524 1068 49.

919 1053 1060 1090 fructus
1073 1056 1246 1096 decanales
1260 1062 1387 1100 decurfi
1399 1093 1409 1105 ‚
1419 1068 1452 1102 8<
1465 1071 1625 1109 maturati
1638 1084 1656 1107 a
1671 1073 1727 1110 die

964 1101 1162 1141 festivitatis
1173 1108 1347 1150 S.Joannis
1363 1111 1518 1160 Baptistae
1532 1119 1611 1153 anni
1627 1131 1730 1164 ¹749-

962 1149 1066 1196 usque
1095 1149 1139 1187 ad
1166 1154 1390 1198 festivitatem
1416 1164 1496 1198 anni
1519 1164 1729 1212 subsequen-

962 1197 1009 1230 tis
1043 1209 1141 1240 1750·
1164 1201 1337 1240 debemur
1360 1207 1550 1247 hae'redirus
1586 1214 1726 1251 Decani

962 1247 1138 1282 Treviren.
1149 1250 1324 1292 fruc‘luum
1337 1263 1375 1301 p.
1390 1268 1446 1302 49.
1461 1263 1505 1296 ζῇ·
1531 1271 1586 1300 70.
1612 1260 1721 1297 Reli-

959 1301 1025 1336 qua
1040 1293 1117 1329 vide
1130 1297 1165 1332 in
1181 1299 1291 1341 verbo
1295 1300 1465 1342 statutum
1482 1333 1491 1342 .

1180 1343 1426 1387 FALCIDIA
1443 1370 1454 1387 a

908 1377 1118 1423 Detrahitur
1141 1402 1183 1426 ex
1198 1392 1320 1439 legatis
1332 1396 1402 1442 piis
1425 1424 1436 1438 ‚
1463 1398 1596 1447 quando
1621 1404 1721 1441 heres

955 1431 1127 1472 institutus
1143 1437 1189 1474 est
1203 1452 1297 1487 :eque
1314 1443 1410 1479 locus
1442 1449 1520 1493 pius
1538 1449 1571 1496 ᾧ.
1595 1458 1649 1488 Ex
1662 1454 1717 1490 his

947 1487 1030 1526 pag.
1049 1495 1106 1527 49·

902 1521 1070 1571 Falcidiae
1085 1531 1244 1571 detractio
1271 1532 1459 1586 denegatur
1487 1542 1718 1588 conventui,

949 1574 982 1608 8<
998 1574 1062 1610 PP.
1081 1579 1112 1614 S.
1132 1577 1296 1619 Marcelli
1312 1586 1504 1625 haeredibus
1527 1592 1691 1637 institutis
1711 1622 1721 1636 ‚

948 1624 1084 1667 quando
1101 1626 1289 1666 haeteditas
1304 1636 1470 1672 omnibus
1486 1649 1554 1673 non
1569 1642 1616 1676 est
1645 1642 1720 1677 sol-

946 1670 1058 1705 vendo
1090 1698 1099 1713 ,
1131 1675 1162 1709 ὅ(
1189 1679 1387 1716 conceditur
1413 1683 1581 1722 detraCtio
1616 1690 1717 1726 unius

945 1713 1014 1751 loci
1042 1718 1219 1759 Montium
1243 1738 1310 1772 pro
1333 1732 1566 1769 anniversario
1591 1743 1712 1784 Roma-

943 1776 986 1798 na
1000 1775 1033 1798 v.
1047 1777 1093 1810 49
1124 1773 1278 1820 cumseq.

895 1808 961 1845 Pro
987 1809 1051 1847 PP.
1080 1814 1113 1849 S.
1141 1815 1300 1854 Marcelli
1326 1818 1513 1862 baeredibus
1550 1829 1713 1869 institutis

943 1868 1014 1891 non
1027 1859 1093 1894 effe
1111 1863 1226 1900 locum
1239 1868 1444 1908 detraffloni
1458 1874 1603 1912 falcidiae
1620 1879 1714 1924 super

940 1906 1143 1952 multiplico
1157 1911 1173 1945 ἐι
1195 1914 1355 1951 testatore
1370 1921 1488 1958 relicto
1502 1934 1564 1968 pro
1588 1925 1710 1962 Cano-

938 1951 1111 1990 nizat'ione
1142 1960 1240 1996 unius
1271 1964 1380 2000 Sanni
1395 1994 1405 2007 ‚
1429 1969 1513 2005 licet
1530 1973 1709 2020 multipli-

935 2010 1012 2034 cum
1036 2011 1144 2039 totam
1162 2007 1398 2049 haereditatem
1420 2017 1617 2054 absorberet
1635 2044 1646 2060 ,
1671 2023 1704 2057 &

935 2047 1025 2082 ultra
1041 2057 1188 2098 Romana
1197 2065 1237 2104 p.
1252 2070 1311 2105 49.
1329 2065 1485 2112 cumseq·

1265 2108 1311 2191 I

1133 2192 1416 2241 INDULTUM
1433 2232 1443 2241 .

888 2238 967 2321 C
986 2239 1168 2279 Anonicus
1188 2247 1308 2286 absens
1323 2253 1442 2298 vigore
1470 2255 1597 2293 indulti
1613 2257 1700 2301 juste

993 2289 1083 2334 petit
1111 2293 1307 2337 portionem
1346 2300 1698 2343 emolumentorunw

932 2336 1212 2380 provenientium
1240 2355 1283 2380 ex
1307 2348 1552 2386 anniversariis
1582 2351 1659 2388 fixis
1684 2380 1696 2394 ,

931 2382 1093 2423 incertis,
1116 2387 1147 2420 &
1164 2394 1446 2431 extraordinariis
1468 2424 1478 2436 ,
1505 2410 1544 2433 ac
1568 2400 1691 2437 dina„

927 2429 1045 2476 portio
1059 2433 1201 2471 debetur
1212 2438 1321 2475 eidem
1339 2441 1436 2482 juxta
1454 2445 1592 2481 solitum
1607 2454 1697 2484 Leo-·

926 2479 1016 2513 dien.
1038 2482 1167 2518 indulti
1179 2487 1222 2519 ad
1231 2497 1262 2520 1.
1277 2497 1433 2535 pag-24.

1076 2535 1118 2562 A
1131 2537 1159 2564 D
1176 2534 1217 2566 ‘N
1233 2539 1257 2567 O
1276 2540 1353 2570 TA
1365 2542 1421 2571 TI
1433 2546 1457 2575 Ο
1475 2554 1485 2575 0¹

876 2570 961 2608 Haec
974 2572 1138 2610 resolutio
1151 2577 1292 2619 juridica
1303 2583 1350 2618 est
1360 2585 1452 2630 circa
1469 2580 1685 2625 emolumew·

923 2629 957 2654 ta
972 2621 1286 2671 anniversariorum
1302 2629 1417 2667 debita
1431 2635 1611 2672 Canonico
1628 2641 1686 2672 ab.-

922 2667 1007 2704 senti
1021 2668 1138 2716 vigore
1155 2671 1308 2716 indulti,
1345 2680 1424 2725 quia
1451 2683 1619 2718 fundatur
1649 2686 1683 2718 in

924 2714 1172 2754 consuetudine
1194 2746 1205 2759 ‚
1231 2736 1303 2770 qua:
1315 2728 1445 2772 optima
1458 2729 1503 2763 est
1519 2732 1682 2777 cujusque

923 2764 967 2798 rei
994 2765 1167 2811 interpres
1181 2781 1211 2805 c.
1223 2784 1297 2807 cum
1313 2776 1461 2811 dilestus
1475 2779 1515 2813 de
1528 2780 1676 2821 consaeet-

1253 2818 1294 2854 M
1534 2826 1557 2861 l.
1571 2829 1635 2862 mi—
