1956 3017
181 199 191 210 .
229 201 235 208 .
271 213 278 222 .
315 140 709 261 fi'zoROLivfflN‚;
735 162 987 199 Testamenm,
1011 144 1078 207 quos
1100 160 1237 196 deccffit
1262 160 1407 202 loannes
1434 157 1574 192 Neliius
1599 149 1844 189 F0‘01inC”s¹³

408 222 572 256 h.tredein
594 213 720 260 scripsit
745 209 1034 255 Congrgationein
1056 208 1193 243 Patrum
1208 210 1241 242 S.
1264 206 1414 251 Philippi
1442 204 1540 238 Nerii
1569 203 1711 243 ejusdem
1736 199 1841 235 civi-

365 270 444 304 tatis
461 260 736 314 gravandopero'
755 285 765 299 ‚
793 257 900 292 verba
924 255 998 290 sunt
1020 254 1233 289 Testamenti
1259 279 1280 293 ,,
1310 254 1331 287 li
1361 251 1562 286 mede-simia
1589 250 1759 283 celebrare
1780 256 1840 291 per

322 344 345 360 ‚,
368 312 550 359 suffraggio
566 308 651 344 dell²
665 307 775 342 anima
793 304 825 337 di
846 305 940 338 detto
957 303 1023 348 Sig.
1039 302 1217 337 Testatore
1231 313 1289 348 per
1305 300 1340 335 lo
1365 299 1476 345 spazi'o
1495 299 1528 333 di
1556 296 1634 330 anni
1661 306 1714 336 25.
1729 320 1738 333 ,
1762 295 1840 328 cin—

324 392 348 406 „
376 370 498 408 quanta
520 355 615 392 messe
631 356 665 390 in
684 353 763 401 ogni
792 362 882 387 anno
897 375 906 389 ,
934 351 997 384 edi
1014 358 1128 384 tenere
1143 375 1152 388 ,
1180 361 1199 393 e
1222 349 1370 383 ricevcre
1393 348 1428 382 in
1452 345 1545 380 datta
1561 343 1842 389 Congregazione

325 438 350 454 ὓ,
374 415 579 456 mperpetuo
595 431 604 444 ,
632 402 748 449 quella
774 398 918 433 durante
936 422 946 434 ‚
970 408 1015 432 un
1041 396 1137 431 Prete
1151 397 1357 432 Sacerdote,
1383 395 1422 428 ed
1436 405 1494 428 ora
1518 392 1673 426 debbano
1699 400 1844 434 prima-2

326 484 350 501 ‚,
378 457 520 503 pigliare
535 480 543 492 ,
572 464 589 485 e
604 452 753 487 ricevere
770 448 803 479 in
828 446 922 480 detta
948 443 1233 493 Congregazione
1246 444 1349 487 gratis
1371 454 1440 476 uno
1462 443 1500 475 de
1527 437 1700 484 Figliuolo
1721 436 1843 469 Sacer-

325 531 350 546 „
377 503 447 538 doti
465 500 518 536 del
534 500 601 544 Sig.
617 495 821 532 Melchiorre
848 491 1041 530 Antonini,
1069 504 1087 526 e
1106 491 1205 530 caso,
1234 491 1297 525 che
1319 491 1401 524 detti
1424 486 1572 534 figliuoli
1587 482 1842 520 Sacerdotinon

327 578 352 593 2,
372 548 538 586 voleffero
552 546 670 579 andare
685 545 731 577 ad·
743 537 898 574 habitare
913 539 949 572 in
963 538 1056 572 detta
1070 538 1357 584 Congregazione
1374 563 1383 575 ,
1404 538 1426 572 il
1443 539 1478 571 P.
1499 531 1668 578 Preposno
1683 541 1744 577 pro
1758 539 1846 563 tem·-

328 624 354 640 2,
376 609 452 644 pore
467 595 499 629 di
523 591 586 627 effa
604 587 881 636 Congregazione
894 585 1002 620 debba
1016 584 1176 632 eleggdre
1197 598 1241 620 un
1256 585 1340 619 altro
1353 584 1451 619 Prete
1476 581 1659 618 Sacerdote
1674 604 1684 617 ‚
1712 589 1729 610 e
1746 575 1846 622 quel-—

344 674 352 686 ,
380 646 413 678 lo
427 650 539 678 morto
555 666 564 679 ‚
592 650 634 673 tie
646 637 753 673 debba
767 636 922 681 eleggere
933 657 943 671 ,
964 644 982 666 e
997 632 1150 667 ricevere
1164 644 1208 668 un
1225 633 1315 667 altro
1329 632 1361 666 in
1378 640 1546 678 perpetuo
1561 654 1570 668 ,
1595 639 1613 661 e
1627 625 1758 661 tenerlo
1771 634 1848 668 gra-

344 720 352 733 ,
378 692 423 726 tis
450 690 546 724 senza
571 686 661 732 spesa
678 685 816 721 alcuna,
835 692 855 714 o
868 679 1038 724 dispendio
1051 679 1084 714 di
1098 685 1196 714 detto
1211 680 1311 714 Prete
1333 680 1373 712 da
1388 678 1548 725 eleggersi
1562 702 1572 714 ,
1595 672 1745 720 equello
1766 670 1849 704 deb-

345 767 352 780 ‚
384 740 428 773 ba
444 734 566 771 servire
589 733 654 767 alla
668 729 791 766 chiesa
804 729 843 762 de
868 725 1039 761 medesimi
1055 725 1154 761 Padri
1171 753 1181 766 ,
1206 739 1224 760 e
1249 726 1319 760 fare
1340 726 1419 760 tutti
1434 728 1481 772 gl’
1494 721 1630 764 esercizj
1647 748 1656 760 ,
1676 733 1694 754 e
1717 717 1848 753 funzio-

346 814 354 827 ,
378 785 413 819 ni
429 810 437 822 ,
467 782 643 817 conforme
673 778 773 813 fanno
788 777 833 823 gl³
847 774 926 809 altri
942 772 1066 812 padri,
1087 773 1151 807 che
1173 772 1288 808 stanno
1314 774 1349 807 in
1373 775 1466 807 detta
1487 767 1773 815 Conpregazione
1787 789 1797 799 -
1823 789 1847 803 ‚a

379 831 485 866 Adita
499 829 596 862 suita
620 826 775 862 Patribus
802 820 979 857 haereditas
994 846 1003 860 ‚
1022 819 1205 866 solutisque
1230 819 1364 865 Legatis
1382 844 1392 858 ,
1414 830 1487 864 quae
1513 805 1672 852 ‘fellator
1685 816 1848 850 dederat,

377 878 474 913 inille
501 876 590 911 aurei
619 871 882 919 superfuerunt,
904 867 1024 914 quibus
1043 869 1157 902 Patres
1171 892 1182 906 ‚
1210 868 1390 913 impetrata
1413 866 1512 901 venia
1533 878 1551 900 a
1565 865 1666 899 Sacra
1690 862 1849 905 Congre-

377 926 515 971 giitione
541 921 782 966 Episcoporum
798 945 807 958 ,
831 918 861 952 δι
885 913 1113 961 Regularium
1132 941 1141 954 ,
1169 914 1387 951 latifundium
1401 922 1556 948 emerunt
1575 939 1585 952 ‚
1606 911 1694 946 unde
1706 917 1851 954 quotan—

376 973 451 1011 υἷε,
479 969 640 1005 omnibus
664 965 820 1002 detractis
837 961 1016 1009 impensis,
1041 973 1160 998 aureos
1181 973 1236 1008 40.
1255 961 1470 1008 percipiunt,
1497 961 1615 1007 quibus
1640 959 1850 991 Sacerdotem

375 1020 413 1055 in
429 1016 709 1063 Congregatione
727 1015 824 1057 juxte
840 1009 1032 1047 Testatoris
1050 1020 1253 1056 praeceptum
1269 1010 1417 1044 retinere
1434 1006 1590 1054 possunt.
1617 1005 1745 1040 Locum
1762 1001 1851 1035 hunc

377 1077 467 1100 anno
496 1073 592 1110 1740.
614 1062 765 1097 obtinuit
782 1058 941 1094 Sacerdos
957 1056 1006 1097 lo:
1023 1059 1196 1093 Antonius
1221 1056 1427 1091 Luccliinius
1442 1083 1451 1096 ,
1478 1067 1575 1101 quem
1591 1058 1700 1088 Patres
1715 1046 1852 1084 fastiditi

376 1113 423 1148 ob
447 1110 576 1146 nimina
602 1118 728 1144 morum
746 1106 919 1143 censuram
947 1103 1072 1139 eiicere
1089 1129 1098 1142 ‚
1120 1113 1220 1150 atque
1245 1104 1414 1149 expellere
1428 1102 1581 1137 meditati
1596 1102 1670 1135 sunt
1685 1125 1694 1138 ,
1712 1096 1855 1134 causan·

375 1171 426 1195 tes
438 1156 701 1194 diminutionem
715 1155 905 1191 reddituum
926 1163 1042 1188 eorum
1055 1151 1344 1198 Congregationis
1359 1175 1368 1188 ,
1397 1152 1426 1185 ὃ(
1443 1148 1543 1195 ipsius
1559 1144 1737 1183 latifundii
1753 1169 1762 1181 ,
1792 1139 1854 1176 nist

376 1206 445 1252 ipse
460 1208 497 1241 P.
511 1203 708 1240 Licchinius
722 1213 832 1237 annua
847 1201 932 1236 scut.
946 1203 993 1234 18.
1011 1198 1291 1245 Congregationi
1309 1197 1478 1243 praestaret
1490 1221 1497 1228 .
1523 1194 1689 1240 Confugit
1704 1192 1741 1226 Ρ.
1759 1188 1853 1224 Luc-

375 1254 514 1289 chinius
535 1253 572 1287 ad
588 1251 793 1298 Episcopum
820 1247 1090 1284 Foroliviensem
1116 1271 1126 1284 ‚
1159 1246 1214 1292 qui
1235 1244 1322 1280 nihil
1353 1245 1513 1279 intactum
1542 1238 1781 1288 praetermisit,
1816 1246 1855 1272 ut

376 1300 496 1337 Patres
520 1301 583 1334 hoc
597 1298 782 1334 desererent
797 1294 972 1331 consilium
987 1321 997 1334 .
1027 1303 1130 1339 utque
1156 1293 1269 1328 omnia
1284 1304 1341 1332 ea,
1370 1303 1435 1337 qua
1449 1290 1550 1325 satius
1574 1288 1698 1335 posset.
1725 1284 1857 1320 ratione

380 1356 624 1392 componeret:
657 1341 753 1382 suasit
781 1341 994 1381 Lucchinio‚
1021 1350 1057 1375 ut
1075 1351 1176 1375 onera
1202 1341 1384 1386 quaedama
1409 1336 1694 1384 Congregatione
1711 1333 1856 1367 subeun-

380 1396 421 1430 da
448 1395 515 1441 ipse
542 1392 668 1429 subiret
684 1421 692 1433 ‚
719 1403 864 1439 quorum
883 1389 1046 1424 estimatio
1064 1397 1136 1422 erat
1164 1386 1244 1422 scut.
1268 1400 1317 1433 ¹4·
1334 1398 1383 1422 2ο.
1402 1399 1411 1424 ;
1434 1385 1590 1431 neque'id
1613 1378 1771 1418 satisfuit
1797 1378 1855 1413 Pa-

380 1443 511 1481 tribus,
540 1441 621 1479 sed,
648 1441 757 1488 spreta
771 1439 874 1474 etiam
892 1436 1101 1472 Inliibitione
1127 1434 1304 1481 Episcopi,
1335 1433 1371 1468 P.
1401 1430 1616 1476 Praepositus,
1652 1431 1683 1464 δι
1708 1437 1854 1474 quatuor

384 1490 443 1526 alii
470 1488 639 1533 Deputati
653 1515 664 1529 ,
688 1486 848 1534 negleClis
865 1484 940 1527 ipsis
953 1483 1092 1518 Ordinis
1111 1481 1421 1516 constitutionibus
1436 1506 1444 1518 ,
1476 1477 1702 1514 Lucchlnium
1717 1474 1857 1519 expule-

384 1546 464 1571 runt
478 1562 487 1573 .
526 1536 642 1571 Preces
668 1535 800 1571 obtulit
825 1533 858 1566 1³.
877 1530 1085 1566 Lucchinius
1099 1528 1323 1564 Sacratiflimo
1335 1526 1484 1572 Principi
1502 1526 1634 1564 nostro,
1660 1524 1780 1571 quibus
1797 1532 1856 1566 po-

383 1584 527 1620 stulabat
543 1611 553 1623 ,
577 1593 613 1619 ut
640 1583 747 1619 cause
760 1579 987 1627 cognitionem
1003 1604 1012 1617 ‚
1036 1576 1269 1622 appellatione
1284 1584 1410 1610 remota
1424 1601 1433 1613 ‚
1455 1573 1619 1618 Episcopo
1640 1567 1860 1605 Foroii'viensi

382 1634 556 1666 mandaret
572 1655 582 1666 .
608 1630 739 1666 Audito
757 1628 919 1675 Episcopo
933 1653 943 1668 ,
955 1625 1196 1661 Sacraiiffimus
1209 1623 1365 1672 Princeps
1379 1622 1482 1658 Sacro
1495 1621 1576 1657 huic
1588 1616 1772 1654 Tribunaii
1787 1626 1856 1650 rem

386 1689 523 1714 omnem
537 1678 729 1724 delegavit.

337 1725 379 1761 In
403 1738 512 1771 parvo
527 1749 548 1764 ,‚
571 1724 704 1760 Codice
730 1726 922 1770 regularum
950 1721 1100 1765 ejusdem
1127 1720 1417 1768 Congregationis
1440 1718 1525 1765 Cap.
1547 1720 1581 1754 6.
1594 1717 1633 1751 de
1660 1711 1860 1750 admittend.

339 1799 363 1813 υ,
391 1774 426 1807 in
450 1772 659 1819 Congregat.
676 1774 706 1806 ἃ
738 1773 891 1815 ejiciend.
908 1771 944 1805 in
960 1769 1018 1805 siri.
1038 1770 1255 1812 ita-fizncitnr
1272 1787 1314 1795 --
1341 1778 1441 1802 nemo
1467 1766 1563 1811 possit
1586 1762 1711 1809 expelli
1728 1772 1747 1794 a
1771 1759 1861 1792 Con-

339 1845 365 1861 „
387 1820 604 1871 gregatione,
630 1818 691 1854 nifi
716 1831 827 1864 primo
843 1820 874 1852 in
890 1829 993 1853 unum
1017 1818 1129 1852 locum
1151 1814 1345 1862 congregati
1360 1812 1489 1848 fuerint
1512 1823 1627 1848 omnes
1642 1805 1861 1853 Presbyteri,

339 1892 365 1907 ³,
386 1878 444 1911 qul
472 1866 668 1901 decennium
691 1865 866 1912 exegerint
885 1866 919 1900 in
946 1863 1242 1909 Congregatione,
1266 1863 1296 1897 δι
1323 1859 1444 1907 singuli
1467 1857 1664 1906 suffragium
1684 1856 1860 1892 dederint,

339 1939 366 1954 „
387 1915 418 1947 ’81
440 1914 528 1959 quod
544 1916 614 1948 duae
629 1913 794 1949 extribus
810 1912 969 1947 Partibus
984 1909 1159 1944 statuerint
1172 1936 1182 1950 ,
1209 1911 1241 1944 id
1256 1907 1314 1944 fiat
1331 1927 1365 1934 —-
1385 1908 1483 1948 Causa
1499 1907 1674 1954 ejeczionis
1687 1929 1698 1943 ‚
1723 1907 1766 1939 esst
1787 1913 1863 1935 mo·-

339 1986 365 2001 „‚
387 1964 462 1995 dum
487 1962 523 1995 hi
547 1961 628 2003 fiam*
642 1979 682 1986 --
707 1972 808 1994 nemo
837 1958 934 2006 poffit
962 1957 1087 2002 expelli
1103 1968 1121 1991 e
1144 1955 1421 2003 Congregatione
1436 1952 1495 1988 nifi
1519 1961 1654 1999 propter
1677 1951 1833 1987 iteratam
1851 1971 1863 1986 ,

342 2032 367 2047 2,
386 2018 597 2059 gravemque
611 2007 863 2053 pertinaciam,
891 2006 946 2040 vel
963 2016 1069 2051 grave
1083 2003 1244 2043 delictum
1260 2029 1269 2042 ‚
1294 2003 1350 2038 sed
1366 2001 1481 2050 qualia
1492 2000 1555 2036 fint
1570 1997 1758 2042 hujusmodi
1770 2021 1778 2034 ‚
1799 1993 1863 2028 sta-

342 2079 367 2094 „
391 2053 633 2093 bitur-judicio
657 2055 795 2088 duarum
828 2051 975 2087 Partium
997 2062 1039 2085 ex
1064 2049 1175 2085 tribus
1196 2050 1479 2084 numerandarum
1496 2072 1520 2087 „
1544 2048 1716 2082 Neutrum
1740 2041 1860 2077 serva-

388 2109 460 2134 tum
485 2098 580 2133 fuiffe
603 2101 775 2135 contendit
791 2100 827 2134 P.
854 2098 1083 2136 Lucchinius,
1113 2098 1144 2132 &
1165 2098 1288 2142 probat
1320 2093 1611 2131 testificationibus
1628 2090 1804 2137 Episcopi,
1827 2089 1859 2122 &

385 2147 424 2182 Ρ.
454 2146 627 2198 Gualterii
647 2173 656 2186 ‚
682 2147 738 2193 qui
764 2145 896 2182 dudum
911 2144 1109 2191 Praepositus
1133 2144 1204 2178 fuit
1221 2143 1329 2178 eidem
1356 2141 1623 2188 Congregationi
1639 2167 1649 2180 ,
1670 2139 1727 2185 qui
1753 2146 1862 2179 neque

385 2191 579 2245 suffragium
591 2194 718 2230 dediffe
734 2221 743 2234 ‚
767 2205 875 2239 neque
896 2191 984 2226 adid
1004 2200 1167 2227 vocatum
1181 2189 1275 2225 fuisse
1288 2189 1393 2225 dicit:
1416 2189 1475 2225 De
1495 2187 1593 2224 causa
1606 2197 1708 2225 vero,
1729 2183 1863 2218 nullam

385 2239 474 2292 csse,
501 2240 561 2274 nisi
576 2241 673 2275 causa
690 2240 728 2275 sit
746 2268 755 2282 ‚
784 2243 871 2286 quod
906 2241 1025 2274 Patres
1053 2239 1132 2273 illos
1145 2238 1183 2273 de
1208 2237 1488 2276 inobservantia,
1514 2236 1544 2269 ἀ
1569 2233 1746 2281 Regularis
1760 2229 1862 2265 disci-

384 2288 490 2338 plinie
510 2297 705 2333 contemptu
718 2288 840 2335 sepius
866 2286 1080 2330 increparet:
1111 2284 1277 2319 Redditus
1303 2295 1371 2319 non
1387 2283 1450 2318 effe
1478 2282 1670 2317 deminutos
1687 2306 1698 2320 ,
1725 2280 1755 2314 &
1780 2275 1861 2311 lati·

384 2335 537 2385 fundium
550 2333 681 2369 eosdem
695 2362 705 2376 ,
729 2346 813 2380 quos
838 2344 937 2368 antea
951 2359 961 2372 ‚
984 2332 1136 2378 praestare
1152 2332 1274 2366 fructus
1285 2357 1294 2371 ,
1316 2332 1346 2365 δι
1363 2330 1383 2364 si
1398 2329 1556 2365 diminuti
1572 2327 1677 2363 ess‘ent
1690 2328 1834 2361 redditus
1848 2347 1858 2362 ,

383 2380 528 2432 evenisse
559 2381 697 2417 Parrum
712 2380 922 2428 negligentia
936 2404 946 2418 ‚
972 2380 1033 2426 qui
1057 2377 1273 2414 lutisundium
1300 2389 1368 2411 non
1381 2378 1580 2414 coluerunt5
1600 2376 1681 2410 hinc
1701 2373 1790 2407 nulla
1806 2381 1859 2404 ra-

384 2437 479 2478 tione
493 2429 644 2464 excusari
660 2429 746 2475 poss‘e
767 2428 812 2462 ab
826 2429 939 2462 oneris
955 2453 965 2466 ,
990 2428 1077 2474 quod
1095 2425 1254 2462 Testator
1268 2424 1414 2467 adjecit,
1440 2423 1647 2469 praestatione
1664 2449 1674 2462 ‚
1696 2419 1782 2465 quod
1798 2428 1858 2452 ex·

384 2474 567 2523 trinsecum
583 2475 621 2510 fit
637 2503 646 2516 ‚
675 2478 706 2512 δι
733 2487 793 2522 per
805 2474 1036 2510 conditionem
1061 2474 1200 2513 datum,
1223 2476 1313 2517 quod
1342 2473 1456 2507 Patres
1482 2471 1650 2506 debitores
1667 2468 1728 2502 sint
1748 2475 1859 2510 gene-

384 2531 430 2553 115
444 2545 452 2558 ,
479 2523 567 2567 quod
584 2534 699 2559 eorum
719 2523 844 2568 culpa,
865 2523 897 2556 ὅ(
931 2520 1141 2568 negligentia
1158 2520 1318 2554 evenerit
1346 2519 1532 2554 diminutio
1555 2517 1770 2553 reddituum
1800 2512 1860 2544 His

383 2567 590 2619 consequeris
613 2569 699 2610 esse,
723 2580 760 2606 ut
783 2569 818 2604 P.
837 2569 1045 2604 Lucchinius
1074 2567 1343 2614 retintegrandus
1363 2565 1404 2599 ‘sit
1418 2566 1457 2599 ad
1471 2566 1582 2600 locum
1596 2589 1606 2602 ‚
1627 2572 1723 2606 equo
1737 2559 1862 2601 ejectus

386 2611 451 2646 suit
466 2637 476 2650 ‚
498 2625 594 2665 eique
610 2618 758 2652 restituti
781 2615 928 2652 debeant
945 2615 1068 2651 fruetus
1081 2625 1196 2649 omnes
1211 2640 1220 2653 ‚
1242 2624 1326 2657 quos
1342 2612 1411 2659 post
1425 2612 1621 2654 eiectionem
1634 2608 1752 2641 Patres
1765 2606 1859 2640 Con-

382 2667 589 2710 gregationis
609 2672 827 2710 perceperunt
852 2676 894 2698 ex
917 2663 1114 2698 haereditate
1139 2660 1333 2695 'testatoris
1349 2684 1359 2694 .
1387 2660 1470 2694 Haec
1491 2656 1608 2692 libello
1633 2654 1692 2690 suo
1716 2651 1864 2689 Lucebi-

382 2717 480 2741 iiius:
504 2717 524 2740 a
549 2705 702 2743 Patribus
727 2709 814 2743 nihil
829 2710 987 2744 hactenus
1012 2707 1190 2743 habuimus
1208 2731 1219 2742 .
1247 2705 1331 2743 Tria
1347 2706 1422 2742 sunt
1437 2704 1551 2740 Causae
1565 2703 1688 2749 Capita
1704 2728 1712 2738 .

332 2753 361 2791 1·
384 2761 443 2789 *²¹²²
471 2753 619 2801 ‘'xpulfiv
646 2759 690 2790 P.
716 2756 893 2793 Lucchinii
920 2757 1060 2804 expleta
1079 2763 1145 2804 per
1169 2761 1296 2792 Patres
1325 2754 1482 2790 oratorii
1513 2756 1546 2788 S.
1575 2751 1735 2831 Philipp}
1760 2748 1871 2783 'Nerii

1735 2808 1817 2833 oro-

328 671 340 685 :7

328 720 339 734 β

331 766 341 782 ⁴³

329 813 339 827 8
