1945 3028
91 118 212 156 dicunt
225 130 339 159 annuo
353 120 519 169 stipendio
529 121 710 159 Subcurati
726 123 908 168 sc,25.cum
922 127 956 163 in
973 126 1195 176 illaRegione
1206 130 1344 168 solitum
1356 93 1563 180 stipendizfxg

93 165 132 203 lit
143 169 236 205 sc.16.
251 168 408 205 redditus
427 182 555 206 annuos
570 171 916 221 Archipresbyteriin
934 176 1041 212 scon.
1055 179 1112 220 98.
1129 189 1313 226 congruam
1328 182 1563 219 excedereeni-

92 216 142 252 hil
156 218 302 264 proponi
317 218 356 252 ab
371 218 536 264 Episcopo
551 244 560 258 ,
571 218 658 254 unde
672 221 835 265 probetur
852 222 1001 259 minores
1014 224 1078 260 esse
1092 226 1245 263 redditus
1255 229 1430 276 utriusque
1445 229 1563 267 Eccle-

92 262 144 300 siae
159 263 288 298 summa
309 266 366 299 illa
381 291 391 304 ,
403 278 505 311 quam
521 265 801 311 supradiximus:
827 268 961 306 Peritos
986 283 1116 308 exteros
1132 272 1197 308 csse
1213 302 1222 316 ,
1239 275 1271 310 ὁ(
1289 276 1531 322 integerrimos
1547 293 1559 315 :

92 315 180 357 quod
197 336 207 350 ,
222 312 242 346 sl
255 311 357 347 etiam
370 314 516 348 minores
526 314 629 348 essent
642 315 795 351 redditus
809 344 818 357 ,
832 317 963 364 possent
974 320 1214 357 Canonicatus
1228 349 1237 362 ,
1251 331 1310 358 aut
1323 319 1494 360 Beneficia
1504 328 1558 363 di-

93 360 227 399 minui,
252 371 322 395 non
340 372 422 396 vero
436 360 640 407 Collegiatae
655 364 859 399 erectionem
877 368 1057 413 praepediri
1072 395 1083 409 ,
1106 380 1182 403 cum
1199 369 1314 416 plures
1340 370 1402 407 sint
1428 372 1558 409 Colle-

92 409 196 454 giatae
210 407 301 443 Sacri
317 407 416 449 hujus
428 406 630 443 Tribunalis
642 412 846 449 auctoritate
859 417 974 451 ereuae
988 443 998 457 ‚
1025 428 1098 463 quae
1113 415 1215 463 longe
1228 419 1375 455 minores
1397 419 1552 457 redditus

92 456 223 491 habent
237 480 248 494 ,
271 455 302 489 &
313 455 516 490 sextantum
539 455 814 495 canonicatibus
838 473 1088 500 componuntur
1114 478 1120 498 :
1148 464 1393 502 Conditionem
1417 491 1429 506 ,
1453 480 1556 513 quarn

92 503 275 549 Episcopus
290 502 467 548 exagitat,
484 503 553 543 juri
567 506 776 541 contrariam
788 519 854 544 non
880 510 944 546 effe
958 538 966 551 ,
994 513 1025 547 &
1040 520 1153 547 tamen
1165 539 1176 552 ,
1202 521 1239 547 ut
1258 525 1296 549 ea
1312 514 1481 550 adimatur
1492 542 1502 556 ,
1520 518 1555 553 δε

93 550 153 586 sub
165 549 394 590 censuraJutl'S
405 551 618 597 relinquatur
631 579 641 592 ³
667 552 787 589 Clesus
800 584 810 596 ‚
836 558 868 592 &
882 558 1035 605 Populus
1048 571 1117 594 non
1134 571 1326 607 repugnant
1343 576 1350 596 ε
1384 573 1452 597 non
1469 574 1553 609 pro-

92 598 166 633 bari
180 596 426 645 oppositionem
440 598 654 635 Sacerdotum
670 601 776 636 vicini
794 604 877 640 Loci
891 606 923 641 le
947 608 1060 647 Ville,
1087 607 1210 652 quibus
1239 610 1372 645 nullum
1400 609 1551 648 infertur

91 645 342 682 detrimentum
355 670 366 684 ‚
392 645 415 680 fi
429 645 582 681 conditio
592 646 654 684 illa
667 648 841 686 deleatur:
861 652 998 689 Caetera
1016 655 1112 689 nullo
1126 665 1273 691 nurnero
1287 656 1443 691 habenda
1461 658 1527 694 esse
1542 688 1553 703 ‚

92 705 169 729 cum
181 720 192 734 ‚
209 692 232 727 sl
243 701 420 740 peteretur
431 693 554 729 erefflo
564 693 770 743 Collegiatae
782 700 916 745 instgnis
930 728 941 742 ‚
965 702 1094 747 aliquid
1109 703 1236 738 diceret
1247 704 1580 750 Episcopusmihii‘v.

94 742 172 778 sunt
185 768 196 782 ,
220 740 304 787 quia
314 740 446 787 petitur
457 741 578 777 erefflo
581 742 746 792 simplicis
759 746 962 794 Collegiatae
981 750 1148 786 .Videant
1161 751 1278 799 itaque
1295 752 1554 792 Eminentiffimi

97 790 231 829 Patres,
242 800 309 837 qua
320 787 406 832 juris
418 790 550 826 ratione
561 791 812 838 expediendum
827 794 866 830 fit
878 796 1042 833 Dubium
1061 826 1068 834 .

50 839 158 884 unfit
171 839 266 874 locus
280 839 443 875 ereffioni
457 839 614 875 Plebanae
635 841 783 887 ¹Ecclesia⁷
794 846 909 880 sancti
918 846 1104 883 Michaelis
1115 850 1333 897 Archangeli
1346 853 1453 887 Terrae
1468 856 1555 900 Spe-

140 887 273 922 luncati
284 886 320 921 in
336 885 558 932 collegiatam
571 889 606 924 in
621 889 696 936 casu
706 895 783 929 &c-

117 986 451 1042 Affirmative
468 986 621 1051 juxta
639 993 863 1046 modum
879 994 946 1047 ab
963 994 1390 1050 Eminentiffimo
1415 995 1553 1051 1³1·ae-

82 1056 218 1110 scoto
235 1057 616 1110 declarandum
636 1098 650 1112 .

228 1151 353 1242 Die
392 1175 676 1249 Sabbathi
717 1204 816 1251 20.
838 1183 1135 1252 Decemb}
1167 1203 1356 1273 1749.'

44 1307 278 1394 FANEN.
307 1308 396 1346 SEU
424 1311 785 1353 SENOGALLIEN.
811 1317 1152 1355 SPONSALIUM=
1180 1320 1293 1355 Causa
1309 1322 1406 1361 haec,
1431 1320 1553 1375 Γθῐζῐο
1592 1327 1669 1374 Seff·
1687 1334 1786 1368 ΜΛ.

134 1357 348 1402 postulante,
370 1358 514 1395 definita
526 1373 593 1398 non
606 1363 674 1400 fuit
697 1366 735 1400 in
746 1365 867 1401 ultima
878 1366 1161 1413 Congregatione
1179 1368 1295 1403 habita
1319 1371 1378 1406 die
1391 1372 1423 1405 6.
1452 1370 1552 1411 hujus
1593 1387 1647 1411 η,
1660 1378 1697 1413 de
1719 1374 1791 1421 Res.

88 1403 232 1444 mensis,
259 1403 426 1441 dilatione
450 1407 652 1457 indulgente
678 1414 782 1449 Sacro
811 1412 1001 1449 Tribunali
1030 1415 1070 1448 ad
1095 1415 1182 1450 hanc
1200 1414 1550 1464 Congregationemz
1591 1430 1699 1461 Matr,

85 1452 250 1488 Poterant
264 1450 371 1498 igitur
386 1453 460 1489 Emi
476 1454 595 1495 Patres
609 1459 744 1497 Folium
767 1461 901 1497 ultimae
924 1462 1132 1509 Congregat.
1155 1462 1278 1499 iterum
1295 1466 1468 1502 consulere
1482 1488 1493 1503 ,
1518 1472 1558 1499 ut

88 1500 154 1534 duo
168 1526 177 1539 ,
190 1511 262 1546 quae
276 1500 458 1548 sequuntur
471 1527 483 1542 .
494 1503 620 1552 Capita
629 1509 814 1555 expediant
834 1536 843 1545 .

42 1547 73 1584 1.
97 1547 310 1634 Anfitblxgus
322 1549 537 1632 aqazptioni
546 1555 699 1591 Habitus
713 1554 875 1604 Religiosi
891 1582 902 1596 ‚
915 1561 959 1595 &¹
975 1560 1174 1606 Profeffioni
1188 1559 1403 1611 respeo‘lichZ
1416 1562 1457 1598 Et
1469 1571 1550 1607 qua-

90 1603 186 1630 tenus
275 1608 347 1633 rma
368 1608 402 1632 iv
437 1621 450 1634 .

42 1640 90 1677 11.
113 1642 221 1687 -Anfit
233 1645 329 1681 locus
339 1645 550 1688 restitutioni
561 1655 742 1689 Munerum
760 1654 795 1689 in
810 1652 887 1698 casu
898 1655 974 1690 &a

177 1751 367 1809 Dilata
386 1793 401 1819 ‚
437 1760 489 1808 δε
510 1759 579 1812 ad
601 1771 835 1815 mentem
858 1801 870 1815 .

41 1882 113 1970 B
129 1881 257 1919 unm
279 1883 473 1921 smum
500 1887 731 1926 Domum
756 1891 1115 1934 PAROCHIALIs.
1143 1899 1292 1943 1mper³0
1317 1892 1551 1947 Amplfsstmo-
1584 1890 1788 1934 5³·24·s·¹⁸·

141 1943 216 1966 rum
231 1932 369 1968 Patrum
382 1935 452 1969 haec
467 1933 578 1971 Causa
596 1938 805 1984 proponitur
817 1965 827 1979 ‚
851 1940 909 1985 qui
924 1942 960 1977 in
975 1941 1260 1993 Congregatione
1282 1941 1402 1981 habita
1417 1942 1476 1977 dle
1490 1953 1548 1980 2²·
1583 1941 1622 1976 de
1640 1938 1719 1986 Res.

86 1979 246 2016 transasti
260 1979 379 2016 menfis
393 1981 602 2020 Novembris
614 1985 862 2033 rescripserunt
876 2005 896 2012 -
909 1991 1032 2025 Dilata
1050 2017 1060 2032 ‚
1085 1998 1129 2030 (φ
1141 2002 1357 2041 proponatur
1370 1993 1501 2026 omnino
1515 1995 1550 2027 in

79 2030 197 2073 prima
205 2028 276 2075 post
287 2031 488 2076 proximam
501 2047 522 2054 -
535 2032 593 2066 Ad
609 2033 826 2078 repetendam
841 2035 947 2080 igitur
974 2038 1047 2080 ejus
1063 2038 1214 2086 speciem
1237 2046 1463 2085 opportunum
1482 2040 1552 2091 erit

87 2073 197 2120 legere
214 2076 340 2111 iterum
355 2074 493 2112 Folium
511 2076 805 2127 congregationis
819 2083 944 2120 habitae
953 2085 1005 2120 die
1024 2099 1076 2134 13.
1090 2088 1300 2136 Septembris
1310 2113 1321 2127 ³
1348 2085 1383 2120 in
1397 2097 1467 2133 quo
1477 2097 1552 2133 ΡΠ·

88 2131 177 2157 mum
186 2124 264 2159 data
279 2122 349 2159 fuit
361 2152 370 2160 .
389 2122 505 2159 Unum
516 2126 610 2163 illius
623 2127 739 2174 Caput
755 2127 801 2164 est
817 2152 829 2165 .

42 2169 108 2203 ’.Λιι-
118 2169 240 2260 εοηᾷετ
252 2173 291 2208 de
303 2173 396 2209 mala
410 2173 580 2210 relatione
597 2179 884 2217 examinatorum
898 2205 909 2220 ,
922 2184 967 2218 οἷν
981 2182 1225 2223 irrationabili
1239 2185 1380 2232 &udicio
1398 2184 1551 2232 Episcopi

91 2219 126 2252 in
141 2229 177 2252 ca
193 2232 213 2252 u
224 2224 302 2257 &c-

178 2328 448 2397 Negative:
464 2374 478 2390 .

45 2456 454 2539 CEPHALUDEN.
481 2461 873 2510 RESTI'rurioNis
901 2473 955 2511 IN
985 2474 1260 2514 INTEGRUM
1279 2487 1287 2510 ε
1314 2472 1454 2522 Species
1480 2472 1549 2527 hu·
1584 2482 1786 2524 Ss.25.c.19.

123 2513 127 2517 '
151 2508 201 2550 jus
215 2508 327 2544 Cause
340 2509 421 2547 data
436 2512 500 2549 fuit
514 2515 550 2550 in
566 2516 667 2553 Folio
678 2522 965 2568 Congregationis
980 2525 1106 2560 habita:
1116 2524 1175 2561 die
1198 2535 1248 2560 ιι.
1265 2522 1351 2557 Maii
1365 2522 1550 2569 superioris
1583 2527 1621 2562 dc
1636 2529 1756 2574 Regul-

92 2556 171 2596 anni
188 2558 285 2598 ¹748·
300 2583 309 2597 ‚
322 2561 412 2602 quod
427 2559 460 2592 in
471 2562 578 2598 lucem
595 2565 770 2604 hominurn
786 2570 914 2606 editum
929 2569 996 2607 fuit
1012 2574 1087 2609 Vol.
1104 2576 1209 2608 XVII.
1227 2571 1319 2615 Thes·
1351 2571 1461 2616 Resol.
1474 2575 1551 2606 Sac.

93 2606 342 2653 so'ngrsgfflag-
358 2616 413 2647 41.
438 2608 618 2656 Rescripsit
632 2625 672 2649 ea
687 2616 742 2652 die
762 2615 900 2654 Sacrum
912 2617 1093 2655 Tribunal
1110 2637 1129 2644 —
1147 2619 1270 2655 Dilata
1286 2643 1296 2658 ,
1327 2622 1371 2657 <7-
1379 2627 1552 2667 propona-

89 2661 149 2687 tur
169 2654 267 2695 Causa
281 2657 403 2700 citatis
416 2656 570 2692 omnibus
581 2661 735 2710 intereffe
750 2664 954 2703 habentibus
969 2670 1011 2702 ad
1019 2667 1168 2711 formam
1188 2666 1442 2708 constitutionis
1470 2670 1554 2700 San-

70 2739 73 2745 *
90 2700 219 2745 Biffimi
232 2704 370 2740 Domini
384 2702 506 2746 'Nostri
518 2722 538 2730 -
555 2703 604 2740 Ut
619 2707 683 2746 hoc
697 2712 896 2761 rescriptum
925 2713 1086 2762 impleret
1100 2714 1158 2750 Fr.
1184 2715 1346 2753 Salvator
1358 2724 1377 2748 a
1396 2712 1552 2764 Petralia

1506 2771 1541 2797 m
