1956 3017
398 166 503 200 utque
516 151 575 187 sub
596 151 710 186 eadem
722 153 822 194 poena
838 144 1147 193 suspensionis'ipss
1162 143 1254 190 sam
1276 151 1476 182 tenerentur
1488 146 1689 194 Capitulum
1711 147 1769 185 die
1781 148 1877 184 Festo

399 203 591 239 Sanctorum
605 194 847 244 Apostolorum
861 194 1012 241 Philippi
1030 221 1040 235 ‚
1062 195 1093 230 δι
1110 193 1230 235 Jacobi
1244 193 1343 229 edere
1362 193 1397 228 in
1427 195 1520 231 Λᾶίς
1546 196 1671 231 librum
1685 196 1880 232 Amnum-0

400 246 649 292 capitularium
676 271 685 280 .

354 294 531 341 Expedita
548 291 610 327 suit
637 292 692 326 die
707 302 764 337 30.
778 289 914 337 Aprilis
935 287 1056 326 citatio
1078 298 1193 325 contra
1212 287 1406 324 Canonicos
1428 291 1466 324 ad
1493 289 1676 325 dicendum
1704 287 1875 325 Testimo-

406 342 502 379 riiuni
527 340 685 375 veritatis
703 341 804 386 sper
827 338 995 374 nonnullis
1011 339 1128 373 arduis
1147 335 1248 379 canfis
1263 347 1409 373 mentem
1425 339 1531 379 fisci,
1556 342 1599 373 ei*
1615 335 1757 377 nostram
1772 339 1873 383 digne

407 401 480 425 mos
491 388 624 424 entibus
638 413 647 426 ,
677 387 705 421 &
723 385 901 431 praesertim
917 385 1012 428 super
1024 384 1134 430 spretu
1146 383 1303 418 Capituli
1320 410 1329 423 ,
1359 396 1376 418 a
1397 395 1464 428 quo
1484 383 1632 419 Codices
1662 393 1782 418 novem
1806 395 1869 418 re-

403 435 488 472 missi
510 434 661 469 fuerant<
692 432 893 477 Capitulum
908 432 1002 465 diei.
1020 429 1139 465 mensis
1157 430 1244 466 Maii
1268 430 1455 466 declaravit
1484 432 1518 466 in
1535 430 1629 466 Actis
1650 440 1715 465 non
1742 430 1865 475 possed

407 483 560 525 recipere
582 481 791 525 exemplaria
802 478 928 525 Synodi
948 489 1014 512 non
1031 479 1204 512 emendata
1220 502 1229 515 ,
1254 488 1362 522 neque
1377 478 1486 516 teneri
1499 481 1537 513 ad
1554 477 1685 512 edenda
1701 477 1786 512 Aeta
1798 476 1868 511 Ca-

404 529 566 574 pitularia
588 553 598 566 ,
620 528 648 562 δι
670 526 812 561 secundo
835 524 1046 570 appellavit.
1077 525 1195 571 Spreta
1219 532 1331 558 tamen
1346 524 1594 568 appellatione,
1621 523 1776 559 Vicarius
1788 522 1868 558 Ge-

404 577 529 612 neralis
541 575 592 609 die
609 584 642 608 2.
654 574 798 614 eiusdem
811 571 928 608 mensis
944 571 1112 607 relaxavit
1125 570 1354 605 Monitorium
1367 572 1407 609 ad
1420 571 1605 607 dicendum
1619 571 1707 606 intra
1722 570 1868 606 triduum

403 622 536 658 causam
554 648 563 661 ,
586 632 686 659 Quare
709 619 930 665 Capitulares
945 630 1060 655 omnes
1078 629 1144 653 non
1160 619 1319 652 deberent
1332 618 1500 654 declarari
1526 616 1646 656 incursi
1674 620 1709 653 in
1728 617 1865 663 suspen·

403 671 527 706 sionem
553 681 570 704 a
592 667 751 705 Divinis,
779 667 810 701 &
827 667 1017 704 Cedulones
1032 665 1121 710 affigi
1144 665 1296 703 expretus
1312 665 1347 699 in
1363 667 1549 702 monitione
1564 664 1681 701 Cauiis
1699 689 1723 706 „
1742 664 1791 700 Ex
1807 674 1863 704 eo,

373 744 382 757 ,
407 718 486 765 quia
518 716 584 751 ausi
611 714 685 750 sunt
700 715 729 750 d.
745 713 917 758 exemplar
932 712 1134 747 trasmittere
1156 712 1197 745 ad
1212 712 1297 746 lianc
1316 711 1544 759 Episcopalem
1558 712 1702 749 Curiam
1719 739 1728 752 ‚
1759 711 1792 746 δι
1821 721 1867 747 ex

405 777 446 800 eo
458 776 536 810 quia
551 763 712 797 exhibere
728 788 737 801 ‚
763 764 793 796 δι
810 763 992 807 producere
1013 760 1151 794 Librum
1167 760 1329 794 Actorum
1346 758 1598 804 Capitularium
1620 759 1815 796 recusarunt
1831 758 1865 793 in

362 837 385 852 2,
412 813 557 846 termino
602 807 745 856 praefixo
772 834 793 848 „
830 817 929 853 atque
974 808 1060 843 intra
1106 805 1168 841 hoc
1202 807 1347 840 triduum
1385 808 1480 841 tracti
1517 807 1654 842 suerunt
1709 805 1750 841 ad
1785 806 1866 840 Cu.-

411 859 495 893 riam
522 857 769 892 duoCanonici
785 883 794 896 ‚
819 856 849 890 ὅ(
867 861 931 889 duo
946 853 1154 890 Beneficiarii
1170 878 1180 892 ‚
1204 852 1397 888 &formiter
1426 853 1635 894 examinati,
1658 863 1760 899 atque
1784 852 1869 890 ita...,

410 905 527 941 omnia
546 932 555 945 ‚
582 917 654 949 quae
676 903 788 939 voluit
803 929 812 941 ‚
838 903 882 937 ab
901 902 950 936 his
965 899 1222 936 rescivitCuria
1239 900 1443 944 Episcopalis
1457 924 1467 934 .
1492 901 1561 935 Die
1585 910 1617 940 4.
1636 898 1753 934 mensis
1779 899 1869 935 Maii

408 953 515 988 tertio
540 951 727 998 appellavit
743 949 943 994 Capitulum
962 948 1098 986 ,fruiti-a
1114 973 1124 985 ,
1147 958 1224 981 nain
1240 947 1399 982 Vicarius
1414 947 1590 982 Generalis
1615 946 1684 982 duo
1703 945 1783 981 tulit
1793 945 1870 981 De-

403 1009 500 1036 creta
527 1000 671 1033 alterum
687 998 739 1031 die
754 1001 782 1031 8.
798 996 944 1038 eiusdem
963 994 1087 1029 Mensis
1102 1022 1110 1032 ,
1137 994 1261 1039 quibus
1278 995 1563 1041 Ai·chipi·esbytet
1578 996 1608 1030 &
1625 992 1793 1028 Canonici
1808 993 1867 1026 de-

402 1049 576 1082 clarantur
599 1043 714 1079 incursi
732 1044 768 1077 in
797 1041 1036 1088 suspensionem
1059 1054 1076 1076 a
1104 1041 1244 1078 Divinis
1258 1065 1268 1081 ,
1289 1042 1319 1075 &
1334 1042 1530 1082 mandatur,
1544 1050 1579 1079 ut
1595 1041 1790 1078 Cedulones
1814 1038 1870 1074 af⁴

404 1092 552 1140 figantur
568 1117 578 1127 .
607 1094 678 1127 Die
690 1103 725 1133 9.
740 1089 882 1130 repetita
902 1088 966 1124 fuit
979 1115 988 1128 ,
1015 1089 1045 1123 &
1072 1088 1240 1133 publicata
1265 1087 1427 1132 suspensio
1443 1112 1450 1124 ‚
1477 1090 1509 1124 &
1527 1089 1723 1124 Cedulones
1737 1087 1841 1122 ⁴affixi
1860 1110 1872 1121 .

406 1139 614 1186 Appellavit
637 1147 758 1184 quarto
773 1137 973 1182 Capitulum
988 1161 998 1175 ,
1018 1138 1049 1171 8<
1068 1133 1249 1179 postulavit
1267 1135 1453 1171 declarari,
1479 1148 1518 1169 an
1544 1135 1647 1181 appel
1664 1135 1734 1169 atio
1755 1133 1788 1168 in
1803 1134 1871 1167 sus<

406 1187 546 1234 perisivo
562 1214 570 1226 ‚
597 1186 656 1221 vel
671 1185 703 1219 in
717 1184 921 1219 devolutivo
937 1181 1015 1217 esset
1033 1182 1236 1216 admittenda
1251 1195 1261 1220 3
1291 1182 1446 1216 Vicarius
1461 1181 1642 1218 Generalis
1659 1180 1758 1216 facile
1784 1192 1870 1223 pro-

404 1235 585 1270 nunciavit
598 1232 863 1280 appellationem
889 1232 922 1266 in
934 1229 1134 1266 devolutivo
1158 1238 1289 1267 tantum
1302 1228 1364 1269 esse
1381 1228 1598 1269 servandam,
1621 1229 1652 1264 &
1669 1227 1871 1275 Capitulum

406 1283 529 1329 quinto
553 1281 747 1328 appellavit
773 1308 780 1316 .

359 1329 414 1366 Re
430 1330 471 1364 ad
489 1330 554 1364 hoc
567 1330 702 1363 Sacrum
728 1328 886 1363 l'ribunal
903 1329 1010 1364 delata
1026 1355 1035 1367 ,
1058 1326 1207 1373 disputat
1221 1325 1424 1373 Capitulum
1442 1325 1681 1371 suspensionem
1696 1350 1705 1364 ,
1733 1323 1764 1359 &
1778 1323 1874 1358 Cen-

409 1376 500 1412 suras
518 1376 628 1412 nullas
645 1375 708 1412 effe
721 1403 731 1416 ,
761 1377 791 1410 &
809 1376 963 1417 injustas:
997 1376 1103 1409 nullas
1117 1375 1269 1420 quidem,
1295 1374 1373 1419 quia
1389 1375 1462 1409 latae
1487 1374 1612 1410 fuerint
1627 1370 1694 1418 post
1709 1371 1870 1417 interpo-

409 1423 486 1459 sitas
509 1433 564 1459 tot
582 1422 832 1471 appellationes
846 1427 884 1458 ad
907 1424 1053 1457 §anetam
1067 1425 1202 1461 sedem,
1225 1432 1297 1466 quae
1312 1421 1435 1456 servari
1458 1421 1628 1456 debebant
1644 1421 1680 1454 in
1704 1417 1870 1464 suspensi-

407 1483 452 1507 vo
474 1497 483 1510 ‚
508 1481 580 1506 tum
593 1472 671 1517 quia
686 1471 791 1512 judex
804 1482 880 1506 cuni
894 1470 1008 1505 Causa*
1021 1469 1215 1516 cognitione
1240 1467 1395 1515 processit
1408 1493 1418 1508 ‚
1441 1476 1512 1503 tuni
1527 1467 1603 1513 quia
1617 1477 1669 1502 res
1691 1477 1756 1501 non
1770 1474 1841 1499 erat
1857 1490 1868 1504 ,
1911 1485 1913 1487 ·

407 1529 466 1553 aut
484 1518 530 1553 est
540 1519 579 1552 de
596 1522 638 1564 Sy
646 1519 733 1552 nodo
748 1545 756 1558 ,
773 1519 803 1552 ἃ
817 1517 1051 1553 observatione
1065 1528 1182 1550 eorum
1197 1542 1207 1555 ,
1231 1527 1303 1560 qua:
1318 1515 1351 1549 in
1369 1515 1509 1562 Synodo
1521 1512 1700 1551 constituta
1714 1513 1870 1551 suerunt,

408 1578 475 1612 quo
499 1566 575 1601 casu
601 1566 633 1600 in
652 1565 859 1601 devolutivo
890 1575 1018 1599 tantuin
1044 1563 1165 1598 servari
1191 1565 1288 1596 debet
1314 1562 1498 1608 appellatio
1514 1589 1523 1602 ,
1549 1561 1604 1597 sed
1627 1562 1808 1607 agebatur,
1838 1560 1872 1594 ὅ(

407 1615 520 1660 agitur
538 1614 575 1648 de
593 1614 777 1649 materialis
797 1613 998 1659 exemplaris
1011 1612 1137 1657 „synodi
1161 1610 1337 1655 emptione
1351 1635 1361 1648 ,
1387 1612 1418 1644 3<
1433 1610 1649 1648 venditione.
1675 1618 1784 1653 neque
1810 1618 1872 1642 un·

407 1673 510 1708 quam
527 1663 620 1695 venit
638 1662 671 1696 in
686 1670 832 1695 mentem
846 1659 1056 1693 Sanctissimis
1071 1657 1238 1695 Patribus,
1249 1658 1305 1702 qui
1327 1657 1446 1691 Sacros
1460 1656 1616 1692 Canonss
1629 1655 1868 1694 condiderunt,
1905 1687 1907 1690 ,

407 1719 445 1744 ut
460 1718 624 1752 cogerent
638 1708 762 1742 invitos
777 1718 886 1741 emere
908 1706 1056 1741 Codices
1070 1704 1286 1751 synodalium
1301 1702 1593 1741 Constitutionum
1609 1714 1708 1748 poena
1736 1701 1872 1747 suspen-

406 1754 572 1802 pensionis
589 1783 597 1796 ,
625 1763 654 1790 &t
675 1754 896 1788 Censurarum
909 1779 918 1794 ,
943 1754 973 1787 &
988 1753 1196 1799 appellantes
1209 1753 1249 1785 ab
1262 1752 1328 1786 hoc
1350 1750 1491 1786 decreto
1504 1763 1659 1787 coercere
1673 1751 1740 1785 alia
1754 1758 1868 1795 poena,

407 1814 445 1838 ut
464 1803 647 1848 appellatio
672 1803 705 1837 in
728 1802 926 1837 devolutivo
943 1811 1073 1835 tantum
1089 1799 1288 1835 admittatur
1301 1825 1311 1833 .
1340 1799 1488 1834 Accedit
1511 1801 1550 1835 ad
1562 1797 1762 1834 nullitatem
1777 1795 1871 1830 dese-

406 1852 476 1885 etus
494 1850 828 1886 trinaeinonitionis;
853 1849 999 1883 Accedit
1016 1858 1158 1892 preceps
1174 1847 1343 1887 Judicium
1370 1872 1379 1885 ,
1402 1846 1493 1892 quod
1517 1847 1720 1890 incaeptum,
1750 1844 1782 1878 δι
1807 1842 1871 1877 ab·
1910 1875 1916 1877 c

406 1896 551 1932 solutum
568 1896 631 1931 suit
652 1897 739 1931 intra
754 1907 943 1942 paucorum
957 1895 1085 1929 dierum
1100 1892 1263 1929 circulum
1277 1920 1286 1933 ,
1314 1904 1389 1928 cum
1412 1893 1533 1928 saltem
1546 1894 1688 1929 duorum
1702 1887 1871 1925 Mensium

406 1945 572 1979 terminus
589 1943 713 1990 pmfigi
726 1942 889 1978 debuisset
906 1943 1072 1987 Capitulo
1087 1968 1095 1981 ‚
1121 1942 1241 1987 quibus
1266 1939 1373 1986 posset
1400 1943 1438 1975 ad
1462 1952 1603 1976 examen
1620 1949 1778 1975 revocare
1791 1936 1869 1972 eas..

405 1994 478 2026 deni
495 1990 767 2025 Constitutiones
783 2015 791 2027 ,
816 1992 846 2023 ὅ(
872 1991 891 2024 si
907 1990 1033 2034 quidin
1058 1989 1100 2023 iis
1113 1986 1325 2026 offendisset,
1351 1988 1440 2033 quod
1468 1988 1706 2023 emendatione
1736 1994 1870 2029 egere)

406 2039 577 2073 videretur
592 2064 601 2076 ,
627 2038 680 2072 vel
697 2037 798 2081 ipsum
824 2037 918 2070 adire
932 2035 1130 2081 Episcopum
1145 2062 1153 2075 ‚
1176 2034 1231 2069 vel
1246 2034 1417 2069 Summum
1432 2032 1630 2070 Pontificem
1646 2061 1656 2074 ‚
1682 2042 1721 2070 ut
1744 2030 1871 2067 defini·

407 2093 479 2120 tum
493 2083 587 2119 fuisse
605 2085 646 2117 ab
661 2087 723 2119 lioc
737 2086 835 2118 Sacro
860 2083 1036 2118 stibunali
1053 2081 1153 2117 refert
1171 2083 1294 2117 Nicol.
1308 2083 1342 2115 in
1359 2082 1461 2125 Flosc.
1478 2084 1587 2117 Verbo
1603 2083 1751 2126 „synodus
1765 2088 1835 2126 ²²:4-

359 2131 501 2175 Iniustas
520 2131 619 2166 etiam
638 2132 802 2166 Censuras
817 2129 881 2165 esse
894 2129 1066 2164 contendit
1079 2128 1294 2174 Capitulum,
1318 2129 1398 2174 quia
1411 2140 1453 2164 ex
1466 2129 1561 2163 nullo
1575 2129 1721 2164 crimine
1737 2126 1869 2162 inflitSlae

407 2179 554 2215 fuerint:
583 2177 658 2212 lure
678 2177 839 2225 siquidem
853 2177 966 2225 potuit
984 2176 1186 2223 Capitulum
1202 2176 1353 2210 recusare
1370 2185 1576 2221 emptionem
1599 2187 1723 2212 novem
1748 2185 1872 2210 exem-

406 2226 549 2274 plarium
563 2226 688 2272 Synodi
705 2251 714 2264 ‚
737 2237 841 2272 eaque
866 2225 909 2258 ad
924 2226 1112 2259 ulti-oneum
1124 2224 1339 2258 venditorem
1353 2225 1549 2261 remittere3
1576 2235 1676 2259 nemo
1695 2223 1787 2259 enim
1809 2231 1871 2255 co-

407 2275 502 2320 gitui·
517 2274 645 2308 invitus
659 2284 768 2307 emere
782 2300 791 2312 ‚
816 2272 870 2306 vel
885 2270 1032 2306 vendere
1046 2298 1055 2310 ‚
1066 2280 1101 2305 ut
1113 2273 1157 2305 eff}
1176 2271 1210 2304 in
1224 2271 1293 2316 leg.
1306 2272 1427 2306 dudam
1448 2274 1520 2307 Cod.
1531 2273 1570 2306 de
1593 2272 1866 2315 cannah-emptu

405 2324 435 2356 δι
452 2322 574 2355 debere
591 2319 769 2367 Episcopos
786 2329 907 2353 cavere
920 2345 928 2358 ‚
941 2330 980 2352 ne
995 2329 1093 2362 poena
1107 2315 1329 2352 Censurarum
1340 2327 1461 2363 cogant
1474 2317 1628 2353 ciericos
1643 2315 1864 2353 Dioecesanos

404 2368 444 2403 ad
458 2369 594 2404 emenda
609 2367 812 2412 exemplaria
826 2366 954 2411 Synodi
968 2392 976 2403 ‚
997 2376 1073 2400 cuin
1089 2364 1197 2399 omnis
1212 2363 1352 2411 quaestus
1365 2364 1507 2411 suspicio
1530 2364 1627 2401 abiis
1640 2365 1761 2402 debeat
1774 2357 1864 2395 abes·-

409 2415 440 2448 se
456 2439 465 2452 ,
489 2416 603 2449 docuit
628 2414 690 2448 hoc
702 2415 836 2449 Sacrum
860 2412 1024 2447 Iribtinal
1051 2414 1083 2447 in
1098 2411 1208 2446 Causa
1224 2415 1384 2448 Larinen.
1407 2415 1618 2449 decretorum
1648 2409 1861 2457 synodalium

412 2472 468 2499 30.
481 2467 519 2493 „A
538 2462 628 2505 gusti
647 2470 747 2500 1732.
774 2462 862 2502 Thefi
878 2464 946 2505 Rsi't'
960 2462 981 2495 l.
1003 2467 1074 2494 Suc.
1094 2466 1247 2505 congreg
1272 2460 1372 2495 illias
1391 2463 1648 2506 annipag.387.
1666 2484 1676 2498 ,
1702 2463 1743 2496 (θ’
1762 2456 1835 2499 seq·
1852 2477 1864 2491 υ

407 2508 439 2542 δι
454 2507 735 2542 SANCTlSSlM
747 2509 798 2542 VS
825 2507 1052 2542 DOMlNVS
1079 2505 1272 2540 NOSTER
1296 2508 1331 2540 in
1350 2503 1416 2540 fine
1434 2507 1554 2552 Operis
1567 2501 1797 2542 absolutissimi
1826 2501 1864 2535 sle

410 2556 531 2598 synod.
547 2557 681 2597 Lioecesi
700 2555 746 2589 Eo
772 2566 812 2589 ue
834 2554 980 2600 amplius
995 2580 1004 2593 ,
1031 2554 1120 2600 quod
1140 2552 1292 2597 pluribus
1306 2553 1475 2589 erroribus
1490 2554 1564 2596 jura
1576 2547 1786 2588 Cathedralis
1800 2546 1865 2580 Ee—

410 2599 517 2634 clesiae
543 2597 734 2636 laedentibus
763 2611 889 2637 cateret
904 2600 1024 2635 Codex
1041 2627 1050 2640 ‚
1078 2601 1219 2643 ideoque
1235 2612 1300 2634 non
1314 2601 1415 2646 culpa
1433 2599 1613 2645 Capituli,
1636 2609 1654 2632 a
1668 2609 1733 2643 quo
1753 2593 1860 2637 recipi

408 2657 474 2681 tion
491 2646 628 2680 deb:·bat
646 2672 655 2684 ,
670 2659 710 2681 rie
726 2658 781 2681 eos
795 2647 943 2694 probasse
957 2673 966 2685 ,
978 2648 1010 2682 &
1026 2646 1196 2693 agnovisse
1211 2647 1380 2683 videretur
1394 2674 1402 2686 ,
1418 2647 1471 2682 sed
1490 2644 1648 2692 Episcopi
1665 2645 1783 2679 saClum
1799 2639 1865 2679 ests,

409 2704 450 2728 tie
465 2694 671 2740 reciperetur,
681 2693 738 2743 qui
754 2693 917 2730 debuerat
930 2694 1047 2731 menda
1058 2693 1178 2729 tollere
1194 2708 1202 2728 :
1217 2692 1421 2744 Capitulum
1438 2696 1585 2730 aetorum
1597 2692 1786 2728 editionem
1802 2698 1865 2738 13θο

1750 2743 1824 2785 peti
