1978 3017
47 1662 61 1678 ¹J
70 1650 127 1686 ess.
147 1652 204 1678 22.
226 1656 258 1679 c·
269 1640 305 1680 8³

25 1693 61 1727 42
78 1693 151 1739 Res»

1802 61 1807 77 1

411 130 607 205 ligiiscrcizti
619 165 783 202 successor
797 192 806 204 ‚
833 164 1007 212 postquam
1024 164 1178 209 pluribus
1196 165 1291 201 annis
1308 165 1393 200 nihil
1414 167 1480 210 ipsc
1496 179 1631 213 quoqu*³
1661 162 1884 207 muniverat,

406 216 543 250 tandem
558 214 708 249 mutavit
723 211 900 248 consilium
920 239 929 251 ‚
957 210 1085 258 sibique
1101 210 1238 247 asserere
1258 213 1356 256 caepit
1382 214 1573 249 domimum
1594 239 1603 251 ‚
1633 215 1858 260 poissiiioneiii
1875 238 1887 253 2

408 265 439 298 δι
454 261 788 297 administrationem
803 259 956 296 Ecclesiae
971 286 980 300 ‚
1008 271 1193 305 eorumque
1206 261 1357 295 omnium
1373 288 1382 300 ‚
1408 273 1480 306 qux
1495 261 1536 295 ad
1551 273 1625 296 eam
1645 264 1880 308 pertinerent,

408 310 516 347 sacras
543 308 767 355 supellectiles
791 308 958 354 arripuit,
986 308 1098 341 vetuit
1126 318 1167 341 ne
1190 308 1281 342 sacra
1307 308 1471 343 solemnia
1502 307 1650 347 fierent3
1678 321 1779 355 atque
1810 308 1880 344 haec

408 357 521 392 omnia
538 355 751 391 tituloillius
778 356 938 390 unionis.
969 354 1004 389 Id
1028 354 1084 389 ubi
1115 354 1262 400 Populus
1291 355 1502 392 Flaminectni
1530 355 1675 392 rescivit
1692 384 1702 396 ,
1728 358 1765 390 ad
1790 356 1882 390 Emi-

406 405 616 439 nentislimos
630 404 743 439 Patres
772 402 930 449 confugit
950 403 990 436 de
1019 403 1179 437 nullitate
1207 402 1302 437 illius
1318 403 1453 437 unionis
1469 405 1644 450 querelam
1663 410 1852 449 proponens
1867 426 1879 437 .

404 452 563 487 Auditus
576 450 643 486 fuit
662 477 672 490 ,
700 460 736 484 ut
752 449 823 485 fieri
849 449 956 488 solet,
986 449 1170 496 Episcopus
1186 449 1377 488 Reatinus,
1404 452 1434 485 δι
1461 462 1550 486 nunc
1571 451 1684 488 Causa
1708 451 1874 498 proponi—

404 508 461 533 tur
481 524 490 537 2
517 507 661 544 urgente
686 498 819 543 Popuio
842 497 1034 532 nullitatem
1061 497 1156 531 illius
1177 497 1334 535 unionis,
1359 499 1446 543 quod
1462 498 1578 534 vocati
1602 526 1611 538 ‚
1637 509 1739 545 atque
1766 498 1878 533 auditi

404 557 474 581 non
499 544 624 580 fuerint
652 545 792 579 Patroni
809 543 965 579 Ecciefiae
981 570 990 582 ,
1017 545 1047 578 &
1064 543 1305 589 Cappcllarum
1323 572 1330 582 ‚
1358 545 1474 580 audita
1496 558 1566 581 non
1584 545 1686 581 fuerit
1705 547 1879 582 Commu—

405 593 493 627 nitas
511 592 748 631 Flainineani,
780 592 815 626 in
841 592 937 632 cuius
961 590 1157 626 Territorio
1169 589 1227 626 sita
1243 590 1289 626 est
1317 592 1485 633 Eccltfia,
1515 595 1610 635 cujus
1637 593 1786 640 Populus
1814 607 1879 630 cu-

404 651 506 679 ·iam,
532 639 739 678 custodiam,
766 640 796 674 &
818 638 1050 686 posseffionem
1075 639 1169 674 illius
1195 639 1351 675 hactenus
1373 640 1515 676 habuit:
1542 640 1639 675 Falsa
1667 654 1684 676 a
1711 642 1876 688 Pompeio

406 696 545 721 narrata
565 686 660 721 fuiffe
676 714 685 727 ,
712 687 800 722 itaut
828 687 910 721 unio
930 686 1025 720 nulla
1054 685 1155 720 fuerit
1172 712 1180 724 ,
1206 688 1302 721 vitiis
1326 687 1563 734 obreptionis,
1589 690 1619 723 &
1647 690 1876 735 subreptionis

406 733 556 771 infecta3
584 733 719 768 Falsum
736 732 798 768 esse
814 733 1005 768 restitutam
1020 732 1115 768 suiffe
1140 734 1319 767 Ecclesiam
1333 746 1350 767 a
1374 743 1476 769 mati-e
1488 736 1623 779 Pompei
1638 762 1648 775 ,
1681 749 1758 772 cum
1772 750 1874 783 repa-

405 791 482 815 rata
499 807 508 819 ‚
532 781 566 814 &
584 781 727 824 amplior
745 781 826 815 facla
843 780 949 815 fuerit
970 791 985 813 a
1009 781 1140 828 Populo
1157 780 1391 819 Flamineani5
1417 782 1538 816 salsum
1552 781 1615 817 ess'c
1635 785 1725 819 Bona
1742 787 1781 819 ab
1799 785 1872 830 ipso

403 826 567 871 Pompeio
589 828 712 862 tradita
745 826 864 867 fuiffe,
892 838 969 862 cum
995 836 1192 873 comparata
1210 827 1339 863 fuerint
1358 841 1399 863 ex
1422 828 1658 865 oblationibus
1673 857 1683 869 ‚
1715 832 1744 866 δι
1765 831 1873 878 largi-

405 874 555 909 tionibus
583 875 719 909 Piorum
746 888 755 913 3
782 874 899 909 falsum
929 873 991 909 ess'e
1016 874 1197 910 Ecclesiam
1228 875 1320 910 illam
1348 875 1530 918 subit-etam
1557 875 1651 912 fuiffe
1680 878 1872 916 Parochiali

404 921 554 956 ‘Mercati
571 947 581 963 ,
610 934 687 957 cum
717 921 754 957 sit
776 933 873 957 extra
899 923 981 956 fines
999 948 1009 962 ,
1035 923 1065 956 &
1086 921 1213 957 limites
1237 923 1331 958 illius
1360 923 1556 965 Parocfflc,
1582 924 1611 959 &
1634 924 1692 960 fita
1717 925 1754 959 sit
1781 927 1870 961 inira

404 968 533 1004 limites
549 995 559 1008 ,
587 970 736 1017 finesque
763 969 1001 1009 Flamineani,
1029 969 1142 1004 Addit
1162 970 1290 1005 nullam
1318 970 1413 1005 fuiss'e
1429 970 1586 1009 causam,
1611 973 1657 1007 ob
1684 985 1786 1020 quam
1805 972 1871 1009 Ec·

404 1015 503 1050 elesia
517 1016 671 1051 uniretur
693 1015 886 1052 parochiali
914 1020 1060 1051 Merciti
1075 1043 1084 1054 ,
1109 1028 1170 1051 nec
1186 1016 1263 1052 satis
1278 1016 1342 1052 esse
1358 1017 1463 1053 cause
1477 1019 1666 1054 utilitatem
1697 1021 1843 1055 Parochi
1860 1049 1869 1057 .

403 1062 555 1096 Postulat
572 1072 700 1108 igitur,
727 1074 766 1098 ut.
788 1063 922 1109 quando
947 1062 1090 1096 Ecclesia
1115 1063 1149 1097 in
1177 1063 1368 1100 sei-ritorio
1387 1066 1600 1100 Flamineani
1628 1065 1690 1101 fita
1706 1069 1775 1107 est,
1803 1069 1868 1101 ad-

401 1108 688 1145 ministrationem
715 1138 726 1151 ,
761 1121 905 1149 curam,
941 1108 1121 1144 custodiam
1149 1109 1241 1145 illius
1268 1114 1306 1146 ad
1328 1112 1623 1146 Coininunitatem
1653 1114 1864 1150 Flamineani

401 1155 554 1202 spectare
567 1157 747 1193 definiatur
762 1185 771 1198 ,
797 1157 847 1191 uti
866 1157 1022 1192 hactenus
1044 1157 1255 1193 observatum
1277 1158 1342 1194 est.
1371 1160 1403 1193 A
1427 1160 1579 1194 Parocho
1601 1161 1750 1198 Mei-cati
1773 1162 1864 1196 nihil

403 1203 602 1240 habuimus:
632 1206 715 1240 Duo
736 1205 810 1240 sunt
826 1204 943 1240 Causae
958 1204 1109 1251 Capita.

358 1250 384 1285 l.
408 1258 466 1287 iAn
482 1254 565 1289 vnio
574 1254 668 1296 fat‘Za
682 1256 721 1290 de
745 1266 827 1290 anno
845 1259 947 1299 1706.
958 1262 1023 1299 per
1037 1253 1111 1290 bon.
1123 1265 1220 1289 mem.
1239 1259 1514 1289 Bonan-saturam
1539 1257 1738 1292 Martinelli
1752 1257 1866 1294 Eccle-

538 1300 592 1344 βε
608 1306 718 1337 Βεαῐιε
742 1301 861 1335 Mariae
882 1301 1038 1346 Virginis
1057 1302 1094 1336 de
1122 1303 1229 1336 ‘Podio
1255 1304 1437 1348 Poponijco
1456 1301 1561 1337 alters·
1585 1304 1731 1346 Ecclesiae
1748 1310 1864 1340 Paro-

544 1348 652 1383 chialc'
666 1348 765 1383 Villio
783 1351 931 1383 Mercati
940 1346 1169 1389 fitbslineatur
1194 1349 1228 1382 in
1243 1351 1317 1390 casa
1335 1353 1414 1386 (yc-

355 1393 402 1431 ΙΙ.
429 1401 513 1436 Aa,
538 1397 664 1487 &seui
682 1395 813 1440 spec‘let
841 1395 1107 1436 „administratio
1135 1396 1229 1431 didaz
1253 1396 1399 1440 Ecclesia
1422 1399 1461 1434 de
1488 1399 1596 1434 ‘Podio
1625 1400 1811 1447 Popom'sco
1826 1401 1862 1435 in

546 1454 584 1476 ca
605 1455 623 1475 [ι
642 1446 718 1478 &m

446 1539 571 1575 Dilata
584 1566 595 1580 ‚
621 1540 653 1576 ὅ(
668 1542 914 1586 coadjuvemur
935 1544 1154 1591 probationes
1167 1569 1178 1580 -

445 1632 671 1671 1V1TATis
695 1636 852 1674 PLEBIS
875 1639 1075 1675 SUBSlDlI
1105 1638 1325 1675 DOTALIS
1351 1665 1360 1678 ,
1387 1639 1450 1675 ΕΤ
1473 1636 1859 1676 STATUTORUM=

455 1680 703 1724 Testamento,
731 1687 821 1731 quod
846 1688 994 1722 condidit
1019 1699 1107 1722 anno
1138 1689 1233 1722 1621.
1270 1687 1450 1722 Mansueta
1479 1687 1623 1723 Marsilii
1649 1699 1689 1721 ex
1713 1688 1859 1733 Oppido

391 1727 546 1774 Plagari'i
565 1731 761 1766 Dioeceseos
792 1733 962 1768 Civitatis
981 1735 1091 1769 Plebis
1120 1735 1258 1774 voluit,
1287 1744 1322 1768 ut
1342 1747 1489 1770 annuum
1516 1734 1699 1769 subsidium
1728 1733 1859 1769 Dotale

392 1777 497 1827 certis
514 1776 637 1812 Puellis
656 1778 866 1823 pricstaretur
890 1792 908 1814 a
925 1781 1089 1816 Sodalitio
1105 1780 1213 1816 Beate
1236 1781 1351 1817 vlarise
1371 1784 1501 1824 Rosarii
1513 1808 1523 1821 ,
1547 1788 1633 1827 quod
1648 1783 1792 1815 erectum
1807 1779 1853 1815 est

391 1833 427 1856 in
446 1823 589 1857 Ecclesia
605 1826 709 1859 Sancti
737 1825 886 1861 Silvestri
910 1828 1061 1869 ejuldein
1075 1829 1208 1873 Onpidi
1225 1854 1234 1866 ‚
1259 1828 1310 1862 his
1326 1830 1441 1864 verbis
1455 1855 1464 1868 ,
1489 1828 1612 1874 quibus
1638 1829 1855 1862 voluntatem

391 1868 481 1905 suam
496 1872 634 1916 aperuit
651 1896 673 1910 ‚,
703 1872 818 1907 Lascia
834 1886 892 1919 per
915 1886 1007 1910 amor
1021 1876 1052 1909 di
1074 1876 1142 1909 Dio
1164 1874 1229 1908 alla
1243 1877 1438 1911 venei-abile
1464 1875 1682 1921 Compagnia
1700 1875 1755 1909 del
1770 1876 1857 1908 San-

392 1943 415 1957 „
443 1917 552 1951 tifl'ino
569 1918 711 1953 Rosario
723 1920 755 1954 di
774 1921 889 1965 questo
904 1921 1057 1956 Castelio
1071 1922 1126 1956 dcl
1144 1923 1283 1967 l'iegaro
1297 1922 1387 1959 seudi
1403 1935 1472 1958 200
1498 1933 1634 1957 moneta
1648 1924 1712 1957 διε.
1734 1949 1742 1961 ,
1759 1921 1852 1967 quali

385 1989 409 2004 ,‚
435 1965 606 2000 volendofi
622 1969 773 2002 ritenere
791 1968 825 2002 in
841 1980 938 2003 mano
970 1969 992 2002 l’
1009 1968 1200 2003 infrascritti
1218 1969 1287 2004 suoi
1307 1972 1398 2006 credi
1417 1997 1427 2010 ,
1452 1982 1471 2005 e
1496 1968 1668 2004 success'ori
1683 1969 1704 2003 li
1727 1969 1854 2013 poilino

383 2036 408 2052 „
436 2012 583 2047 ritenere
601 2040 612 2054 ,
638 2026 656 2048 e
671 2013 856 2050 frutiarseli·
871 2042 881 2055 ,
910 2028 928 2050 e
946 2028 1015 2051 non
1031 2017 1159 2060 poffino
1172 2014 1273 2051 effere
1289 2016 1406 2052 forzati
1425 2029 1442 2051 a
1459 2018 1585 2064 pagarli
1601 2016 1632 2051 se
1649 2028 1712 2051 non
1727 2016 1758 2050 di
1778 2021 1854 2051 loro

383 2085 408 2099 ,‚
435 2057 615 2105 spontanea
637 2061 778 2097 volonta
799 2092 804 2100 ,
826 2073 891 2097 con
911 2063 1026 2108 questo
1043 2063 1119 2110 peso
1132 2090 1142 2103 ,
1167 2063 1206 2098 ed
1220 2064 1337 2110 obligo
1351 2071 1431 2110 ogn’
1449 2076 1538 2098 anno
1552 2065 1644 2097 detta
1664 2063 1854 2099 ‘sestam-icc

383 2131 406 2147 ‚,
434 2117 541 2152 grava
561 2107 612 2153 gl*
627 2108 822 2144 infrascritti
836 2111 930 2146 credi
948 2137 957 2149 ‚
984 2111 1046 2145 che
1064 2110 1154 2145 siano
1178 2113 1287 2146 tenuti
1304 2139 1312 2151 ,
1343 2112 1371 2147 δι
1390 2110 1536 2158 obligati
1564 2120 1800 2145 eternamente
1817 2121 1853 2145 in

381 2178 407 2193 ‚,
435 2165 602 2200 perpetuo
614 2168 738 2203 pagare
757 2157 824 2191 alla
839 2159 930 2192 detta
945 2158 1157 2204 Compagnia
1172 2185 1182 2198 ‚
1206 2171 1224 2192 e
1255 2159 1331 2194 loro
1346 2159 1496 2194 Officiali
1527 2168 1585 2203 pro
1614 2167 1764 2201 tempore
1789 2168 1846 2204 pet

380 2224 403 2239 2,
427 2203 453 2236 l’
468 2201 622 2236 intereffe
642 2229 652 2240 ,
675 2216 693 2237 e
708 2203 806 2238 frutti
824 2204 860 2238 di
887 2206 973 2239 detti
988 2205 1078 2240 scudi
1099 2218 1179 2241 200.
1202 2205 1296 2241 scudi
1315 2218 1363 2248 ¹4·
1389 2214 1469 2252 ogn'
1484 2217 1570 2240 anno
1586 2232 1593 2243 ,
1620 2217 1685 2240 con
1711 2206 1734 2239 li
1755 2204 1849 2251 quali

379 2274 404 2288 „
430 2247 517 2282 scudi
536 2259 585 2287 14.
604 2248 692 2283 detti
711 2250 867 2285 Offiziali
883 2264 944 2296 pro
959 2262 1110 2298 tempore
1123 2253 1210 2287 siano
1225 2254 1335 2288 tenuti
1350 2279 1360 2293 ‚
1381 2258 1420 2288 ed
1434 2252 1578 2298 obligati
1592 2259 1775 2298 ogn'anno
1795 2251 1850 2286 nel

379 2320 403 2334 2,
429 2296 551 2341 giorno
564 2296 645 2330 dell'
662 2295 802 2332 Affunta
822 2324 830 2336 ‚
859 2310 880 2331 ο
898 2300 997 2333 Sama
1016 2300 1122 2334 Maria
1139 2300 1173 2334 di
1204 2300 1320 2334 Marzo
1333 2302 1411 2336 dare
1427 2302 1456 2336 la
1490 2301 1583 2335 Dote
1597 2311 1614 2333 a
1637 2312 1701 2335 una
1725 2299 1850 2334 Zitcli'a

378 2368 402 2382 2,
430 2354 487 2386 pei·
502 2343 664 2378 maritarfi
681 2371 688 2383 ‚
715 2345 778 2379 che
793 2344 835 2378 fia
854 2357 976 2389 povera
991 2371 1001 2385 ‚
1028 2358 1045 2380 e
1062 2347 1093 2379 di
1111 2347 1202 2382 buon
1226 2347 1332 2382 padre
1347 2374 1355 2386 ‚
1382 2360 1400 2382 e
1416 2347 1540 2383 Madre
1555 2359 1632 2381 nata
1649 2375 1657 2388 ,
1683 2347 1742 2381 edi
1759 2347 1847 2389 legi-

376 2414 401 2428 „
429 2391 515 2425 timo
531 2392 751 2426 matrimonio
769 2419 777 2431 ‚
804 2404 822 2426 e
837 2392 879 2427 sia
893 2393 929 2427 di
944 2393 1044 2429 detto
1058 2393 1211 2429 Castello
1225 2421 1234 2434 ‚
1262 2407 1279 2428 e
1297 2407 1362 2430 non
1379 2396 1458 2431 suot
1473 2395 1524 2430 del
1542 2395 1697 2429 Contado
1708 2394 1743 2428 di
1758 2392 1823 2428 esso
1837 2421 1847 2434 ‚

375 2460 399 2474 υ
424 2438 498 2482 qual
520 2437 647 2473 Zitella
663 2438 683 2472 si
699 2439 810 2474 debba
827 2440 970 2475 estraere
985 2454 1002 2476 a
1029 2441 1115 2477 sorte
1130 2452 1178 2476 tra
1195 2451 1282 2476 tutte
1295 2442 1409 2486 quelle
1425 2442 1447 2476 si
1468 2452 1683 2477 metteranno
1696 2454 1712 2475 a
1740 2443 1849 2485 parti·-

374 2507 398 2521 υ
424 2492 484 2523 to,
510 2487 644 2521 servato
669 2488 691 2520 1³
705 2487 824 2522 ordine
846 2500 944 2524 cone
972 2489 1067 2533 sopra
1086 2515 1095 2528 ‚
1123 2489 1268 2536 equella
1283 2488 1349 2523 sara
1375 2490 1535 2530 estratta,
1559 2491 1670 2535 quella
1696 2487 1796 2523 abbia
1814 2491 1847 2523 la

373 2554 398 2570 ,‚
426 2531 516 2566 detta
535 2533 616 2567 dote
633 2533 670 2568 di
686 2533 776 2569 scudi
794 2547 846 2575 14.
863 2562 884 2576 ‚,
911 2536 1073 2571 Haeredes
1089 2536 1166 2571 satis
1180 2547 1280 2571 caute
1300 2540 1527 2583 quantitatem
1544 2537 1638 2571 illam
1665 2536 1749 2571 scut.
1766 2546 1846 2571 200·

372 2576 551 2628 solvei·unt
568 2579 737 2617 Sodaliti'o
749 2608 758 2621 ,
788 2591 890 2629 atque
906 2584 953 2618 ita
968 2584 1033 2618 sese
1046 2585 1089 2619 ab
1112 2595 1225 2618 annua
1242 2585 1450 2628 praestatione
1467 2585 1550 2621 scut.
1569 2595 1610 2623 14
1635 2584 1821 2618 liberarunt
1833 2596 1844 2617 =

369 2623 572 2675 Sodali-tium
586 2637 705 2663 contra
720 2656 729 2667 ,
758 2629 839 2664 licet
853 2631 922 2666 sors
939 2631 996 2666 illa
1012 2631 1093 2666 scut.
1111 2641 1178 2665 200
1207 2643 1272 2666 non
1288 2634 1422 2677 praestet
1435 2643 1535 2668 annos
1549 2632 1697 2668 redditus
1711 2632 1756 2666 sc.
1769 2642 1816 2675 ¹4-
1832 2657 1844 2671 ,

368 2669 547 2722 subsidium
572 2681 687 2707 tamen
713 2677 827 2710 dotale
857 2678 891 2712 in
917 2679 980 2713 hac
1010 2679 1209 2724 quantitate
1240 2680 1325 2714 scutf
1354 2692 1404 2720 14.
1429 2680 1554 2715 I'uelli‘s
1581 2678 1809 2723 praestiterunt
1833 2702 1845 2716 ι

368 2726 455 2799 itaut
486 2719 547 2770 h'oc
574 2719 722 2766 legatum
750 2723 880 2758 nullam
907 2725 1096 2761 Sodalibus
1123 2726 1310 2762 utilitatem
1334 2753 1346 2768 ,
1378 2727 1431 2763 sed
1458 2725 1706 2764 detrimentum
1730 2728 1843 2775 potius

367 2773 439 2800 atto
459 2774 526 2801 erit
550 2790 560 2800 .

1754 2823 1811 2858 i'ia
