1955 3028
1502 125 1546 153 7²

224 173 262 199 re
286 162 412 211 poffittt
429 162 608 201 Patribus
643 163 866 212 Reformatis
891 160 1076 201 celebrare*
1105 163 1238 212 Miffas
1269 162 1431 211 aliaffiue
1449 162 1545 200 Con-

220 217 412 252 ventuiils
438 220 548 253 etiam
573 228 648 254 cum
668 220 896 265 praeventivo
911 242 922 258 ‚
951 228 1202 264 campanarum
1222 215 1357 261 sonitu
1371 226 1544 262 peragere

221 277 306 304 onte
325 295 336 312 ,
361 269 424 304 vel
440 272 481 304 in
506 268 585 304 assu
599 270 856 306 celebrationis
874 267 991 317 Miffie
1007 268 1240 305 parochialis
1254 270 1291 302 in
1306 268 1389 314 cusu
1404 266 1477 307 &aa

101 363 362 400 eRt-:N‘riNA
387 364 760 403 CAPPELLANIAE:
789 364 965 411 Integram
979 365 1099 401 Causa:
1112 364 1394 409 hujusspeciem,
1419 365 1540 409 &quae
1563 351 1638 397 Seff·
1667 358 1701 384 ²·
1721 364 1748 386 c·
1765 360 1800 391 3»

112 425 131 448 a
146 413 321 460 Cuppinio
348 415 493 449 rationes
516 417 808 459 proponebantur,
834 414 984 448 dedimus
1000 413 1035 447 in
1062 414 1151 448 Folio
1171 414 1451 458 congregationis
1483 412 1541 444 ha·
1561 401 1600 434 αθ
1615 399 1684 445 Res.

67 461 149 498 bitte
163 463 216 496 die
231 461 485 507 22.s:1perioris
499 462 615 504 Mensis
640 462 783 508 Augusti
798 488 805 495 .
833 461 967 496 Placuit
983 459 1264 495 Eminentissimis
1282 459 1442 493 Patribus
1470 458 1542 492 res—

66 509 212 555 pondere
225 525 244 532 -
270 509 391 543 Dilata
406 533 418 547 ‚
438 513 707 556 &proponatur
722 511 830 543 citato
848 510 1004 554 &pitulo
1016 530 1030 535 -
1059 509 1203 555 ideoque
1218 533 1227 546 ,
1246 518 1334 541 nunc
1355 515 1483 542 vocato
1505 506 1538 539 iu

65 557 122 599 Jus
144 554 310 601 Capitulo
342 554 562 591 Cathedralis
589 582 599 595 ‚
637 558 724 603 quod
755 556 911 603 sequitur
936 583 947 596 ‚
990 555 1150 590 Dubium
1186 555 1412 591 definiendum
1455 564 1539 599 pro-

91 612 208 639 onitur
233 630 241 638 .

18 618 89 689 ,ΑΞ
102 649 266 699 dispositio
290 663 345 698 qn.
368 652 535 696 Francisci
550 651 721 696 Ambrosii
736 651 1083 698 Cuppt'm‘praescferat
1097 649 1240 698 simplex
1255 656 1419 696 Legatum
1438 650 1537 695 pium

69 713 141 736 cum
161 710 258 736 omre
272 698 444 745 Mtffarum
459 725 470 739 ,
488 701 678 746 scuporius
696 700 895 740 Beneficium
915 697 1174 742 Ecclefiasticum
1192 701 1225 732 in
1242 700 1316 742 casia
1331 702 1405 734 &c-

21 793 100 876 C
115 790 444 838 APUTAQUEN.
470 792 916 829 PARTICIPATIONIS
929 807 939 826 .·
964 792 1055 827 Cum
1070 805 1111 828 ex
1128 793 1294 827 Mandato
1306 791 1422 826 Curiae
1453 788 1537 835 Epi·-
1558 804 1701 847 ges-5⁸24,
1715 815 1730 837 c
1744 811 1794 837 tz.

127 840 266 886 scopalis
283 840 550 886 Caputaquensis
572 841 734 876 Sacerdos
750 841 887 876 Marcus
900 840 943 875 de
957 841 1071 875 Canto
1086 840 1267 885 adscriptus
1296 839 1438 873 servitio
1469 838 1539 872 Pa-
1556 855 1595 888 de
1611 852 1680 896 ἂψ
1735 833 1741 840 “

65 887 227 924 rochialis
242 914 251 927 ,
276 889 307 922 8(
324 888 507 933 receptivae
525 887 680 924 Ecclesia>
697 888 812 924 Terrae
829 888 1064 923 Trentenatiae
1079 889 1224 930 ejusdem
1246 885 1434 922 Diaeccseos
1461 886 1535 920 Ca-

67 934 282 983 putaquensis
308 934 375 969 sese
396 937 431 970 in
452 936 632 980 Oppidum
653 937 741 971 delle
758 936 918 982 Plaggine
932 938 967 971 di
986 939 1133 971 Lamina
1149 936 1295 982 hyemali
1312 944 1465 979 tempore
1480 944 1535 967 an-

66 983 100 1018 ni
120 989 217 1024 1736.
231 981 424 1017 contulisset
440 1008 450 1021 ‚
476 983 563 1017 vitio
585 982 736 1017 montani
757 981 967 1028 frigidissimi
982 982 1067 1018 aeris
1091 982 1213 1020 incidit
1228 985 1261 1017 in
1276 983 1428 1016 morbum
1446 1010 1452 1021 ,
1468 991 1537 1027 quo

65 1031 233 1076 pectoris,
256 1031 290 1065 8<
308 1037 443 1064 artuum
456 1028 632 1064 doloribus
646 1057 655 1069 ,
681 1042 861 1065 nervorum
875 1030 1168 1065 contractionibus
1186 1056 1195 1069 ,
1223 1039 1324 1075 atque
1351 1028 1537 1064 ischiadico

68 1087 231 1124 perpetuo
245 1076 361 1111 dolore
375 1075 611 1112 afficiebatur.
637 1078 781 1113 Coactus
796 1077 901 1122 igitur
925 1078 1070 1111 Patriam
1086 1078 1228 1112 Terram
1253 1075 1401 1111 revisere
1426 1073 1537 1109 confi-

69 1126 118 1161 lio
132 1124 348 1160 Medicorum
365 1124 550 1170 Neapolim
565 1126 728 1159 concessit
746 1151 755 1163 ,
782 1134 817 1158 ut
842 1124 976 1159 mitiore
990 1124 1087 1159 Caelo
1103 1124 1270 1159 frueretur
1285 1151 1294 1163 ‚
1325 1124 1355 1158 &
1373 1134 1435 1168 ope
1448 1134 1537 1166 prae-

69 1172 267 1208 stantiorum
281 1171 494 1206 Medicorum
510 1170 681 1217 pristinam
694 1171 929 1206 valetudinem
946 1172 1111 1217 reciperet
1133 1197 1141 1205 .
1169 1171 1336 1205 Tentatis
1357 1172 1513 1205 omnibus
1529 1195 1539 1209 ‚

69 1232 141 1267 quae
157 1221 225 1255 Ars
241 1218 377 1253 Medica
390 1218 576 1266 suggessit,
602 1220 778 1258 remediis,
806 1219 921 1252 omnia
937 1231 969 1254 in
995 1219 1126 1254 irritum
1146 1219 1309 1254 cesserunt
1335 1246 1343 1259 ,
1373 1215 1539 1253 remissa...

70 1268 206 1315 quidem
221 1292 230 1304 ,
260 1265 311 1300 sed
333 1277 404 1301 non
420 1267 576 1310 superata
589 1267 623 1301 vi
638 1266 745 1301 morbi
766 1289 774 1298 .
800 1264 928 1301 lterum
951 1268 984 1300 in
1006 1266 1158 1302 Patriam
1183 1266 1290 1300 redire
1311 1266 1425 1300 voluit
1446 1291 1454 1304 ‚
1480 1264 1538 1298 sed

71 1315 198 1350 iterum
213 1312 386 1346 discedere
403 1315 537 1348 coaetus
552 1313 619 1348 fuit
633 1340 643 1353 ,
668 1313 862 1349 saevientem
878 1314 984 1360 magis
996 1325 1037 1348 ex
1057 1315 1143 1349 aeris
1159 1341 1167 1353 ,
1192 1313 1348 1360 Calique
1378 1313 1470 1346 illius
1494 1311 1539 1344 ri-

69 1372 152 1409 gore
167 1358 287 1410 vitiosa
309 1360 452 1404 pectoris
469 1386 479 1401 ‚
502 1361 536 1395 &
549 1358 709 1396 dolorum
723 1358 900 1395 affectione
915 1389 921 1397 .
952 1362 1055 1396 Ducti
1072 1361 1178 1407 igitur
1190 1361 1405 1395 miseratione
1423 1357 1540 1394 infeli-

72 1409 120 1444 cis
134 1406 280 1442 hominis
293 1432 305 1445 ‚
327 1407 360 1441 8<
375 1407 595 1452 agnoscentes
607 1409 716 1442 morbi
735 1434 744 1450 ‚
769 1419 839 1455 quo
865 1408 1072 1443 afficiebatur
1086 1435 1096 1448 ‚
1117 1409 1317 1454 gravitatem
1332 1434 1340 1449 ,
1365 1407 1539 1442 Sacerdo-

72 1464 123 1490 tes
138 1454 199 1489 alii
214 1453 458 1499 participantes
485 1454 763 1493 illius-Ecclesiae
782 1455 977 1491 consensum
997 1456 1220 1501 praestiterunt
1234 1484 1242 1495 ,
1267 1465 1304 1491 ut
1329 1453 1454 1489 abesset
1472 1480 1481 1494 ,
1507 1453 1541 1488 δε

71 1503 222 1539 redditus
236 1528 248 1541 ,
273 1509 373 1546 atque
389 1502 623 1537 emolumenta
640 1503 691 1538 sui
708 1506 784 1539 Loci
798 1502 1004 1548 perciperet:
1020 1503 1087 1548 ipse
1108 1502 1291 1549 Episcopus
1304 1529 1313 1542 ,
1328 1502 1470 1547 spectato
1484 1500 1541 1533 Sa-

72 1550 251 1585 cerdotum
265 1546 424 1583 consensu
438 1576 448 1589 ,
475 1549 552 1584 vifis
567 1550 780 1585 Medicorum
798 1549 1094 1586 testificationibus
1109 1577 1118 1590 ‚
1141 1551 1333 1585 consensum
1360 1549 1519 1597 praestitit
1533 1572 1544 1586 ‚

72 1607 110 1634 ut
125 1597 279 1632 Sacerdos
294 1595 428 1631 Marcus
446 1596 634 1643 Neapolim
648 1598 845 1634 concederet
857 1623 867 1637 ,
882 1596 1078 1643 Literasque
1093 1597 1332 1633 dimissoriales
1347 1598 1378 1630 ei
1393 1593 1544 1634 indulsit,

74 1654 113 1680 ut
139 1644 228 1679 sacra
252 1653 349 1690 agere
368 1642 499 1691 posset:
520 1645 656 1680 Contra
676 1656 757 1681 vero
789 1646 875 1680 idem
891 1645 1054 1681 Sacerdos
1074 1644 1212 1679 Marcus
1236 1644 1433 1680 Sacerdotes
1459 1643 1545 1678 alios

74 1691 320 1737 participantes
341 1690 536 1732 substituit,
561 1701 599 1727 ut
613 1703 716 1730 onera
743 1692 967 1728 Hebdomada>
982 1718 992 1732 ‚
1018 1694 1050 1728 ἃ
1065 1693 1266 1734 Sacrorum,
1290 1705 1366 1741 quae
1379 1694 1418 1727 :id
1431 1702 1545 1726 eum..-

75 1739 290 1786 speoabant‚
316 1737 497 1784 implerent
522 1768 530 1778 .

24 1786 94 1823 His
111 1785 333 1826 constitutis,
355 1787 515 1823 Sacerdos
540 1787 677 1824 Marcus
705 1789 855 1837 Neapoli
871 1787 1110 1836 recuperandae
1126 1789 1316 1824 valetudini
1343 1788 1544 1824 incumbens

74 1835 110 1871 in
128 1843 306 1880 utramque
326 1845 440 1870 aurem
462 1836 659 1871 dormiebat
672 1836 804 1873 securus
818 1863 828 1876 ,
854 1839 884 1872 ἃ
903 1838 992 1871 nihil
1015 1838 1169 1882 cogitans
1186 1836 1314 1870 adversi
1328 1838 1367 1869 de
1395 1835 1543 1869 redditi-

72 1883 133 1917 bus
159 1881 242 1916 Loci
268 1881 316 1916 sui
335 1882 369 1916 in
391 1881 538 1916 Ecclesia
553 1882 812 1922 Trentenarize5
840 1885 889 1918 At
910 1893 1050 1928 repente
1065 1894 1189 1918 certior
1216 1883 1318 1918 factus
1344 1882 1411 1917 fuit
1436 1883 1546 1916 alium

73 1928 290 1965 Sacerdotem
310 1929 539 1965 Dominicum
564 1930 785 1977 Vernagliam
816 1930 991 1965 decretum
1022 1929 1209 1968 obtinuisse
1223 1933 1263 1965 ab
1291 1930 1458 1976 Episcopo
1471 1928 1546 1963 Ca-

73 1974 268 2022 putaquenfi
281 2001 291 2016 ‚
315 1988 380 2021 quo
394 1978 633 2013 admittebatur
644 1979 685 2013 ad
708 1978 1009 2025 participationem
1024 1978 1215 2012 reddituum
1230 2004 1239 2017 ‚
1266 1980 1296 2013 δι
1311 1988 1451 2012 onerum
1470 1976 1545 2011 Lo-

72 2024 105 2058 ci
117 2022 304 2061 Sacerdotis
314 2023 424 2060 Marci
439 2023 484 2059 de
497 2024 611 2060 Canto
622 2049 633 2060 .
647 2025 778 2061 Renuit
791 2037 906 2061 tamen
917 2026 1037 2060 Clerus
1053 2025 1110 2060 ille
1122 2027 1260 2060 decreto
1274 2036 1386 2071 parere
1400 2050 1409 2062 ‚
1435 2022 1544 2058 sciens

77 2071 270 2106 consensum
284 2098 294 2111 ‚
316 2084 414 2118 quem
427 2073 459 2107 ei
473 2084 517 2107 ex
539 2072 636 2108 causa
653 2073 861 2109 valetudinis
875 2074 1025 2108 adversa:
1048 2073 1248 2118 praestiterat
1261 2099 1270 2113 ‚
1301 2083 1336 2108 ut
1353 2070 1456 2106 abeffe
1473 2071 1545 2117 pos-

78 2117 148 2157 set,
161 2118 191 2152 &
206 2117 332 2154 fructus
343 2120 537 2166 percipere.
564 2121 655 2161 Juffit
673 2130 785 2156 tamen
801 2120 978 2165 Episcopus
995 2121 1063 2155 alio
1077 2121 1213 2156 decreto
1230 2146 1239 2160 ,
1265 2131 1302 2155 ut
1316 2129 1546 2166 exequeretur

76 2165 244 2200 decretum
258 2167 405 2211 primum
419 2195 429 2209 ‚
456 2169 488 2203 &
502 2169 661 2203 Sacerdos
677 2168 867 2215 Vernaglia
889 2168 932 2203 ad
958 2169 1252 2214 participationem
1281 2168 1545 2206 admitteretur;

79 2211 245 2265 Confugit
258 2213 418 2250 Sacerdos
442 2216 577 2251 Marcus
590 2216 630 2249 ad
656 2215 799 2262 Asylum
815 2217 908 2251 Sacri
932 2217 1028 2258 hujus
1044 2215 1268 2255 Trffiunalis,
1294 2215 1446 2260 datisque
1472 2241 1481 2254 ‚
1508 2223 1547 2249 ut

78 2270 181 2313 moris
195 2259 240 2294 est
256 2288 265 2301 ‚
289 2262 327 2295 ad
345 2263 542 2310 Episcopum
565 2263 676 2298 literis
691 2269 760 2298 Pro
783 2264 1024 2307 informatione
1038 2290 1048 2303 ‚
1075 2268 1118 2300 ey·
1133 2269 1216 2298 Voto
1230 2290 1239 2303 ,
1267 2276 1336 2299 non
1349 2261 1521 2308 respondit
1536 2285 1546 2299 .

79 2318 204 2360 lterum
217 2306 302 2344 datae
319 2308 454 2346 fuerunt
468 2310 577 2346 literae
590 2337 600 2350 ,
624 2321 688 2347 nec
701 2310 876 2357 respondit
888 2323 898 2349 ,-
911 2309 1037 2346 Tertio
1050 2310 1134 2346 datae
1149 2310 1286 2346 fuerunt
1304 2338 1311 2350 ,
1330 2322 1391 2345 nec
1406 2309 1548 2355 respon-

76 2356 155 2392 dm
182 2365 288 2390 immo
301 2368 376 2391 cum
399 2358 556 2394 Sacerdos
574 2359 781 2404 Vernaglia3
808 2357 963 2394 defuncto
977 2358 1115 2393 interim
1131 2360 1200 2393 alio
1215 2360 1395 2393 Sacerdote
1414 2383 1422 2395 ,
1454 2356 1547 2390 illius

73 2402 384 2455 Locumgoptaiset,
408 2405 586 2452 Episcopus
615 2405 782 2441 substituit
797 2405 831 2440 iri
858 2406 985 2440 Locum
1012 2406 1204 2440 Sacerdotis
1231 2406 1344 2440 Marci
1372 2406 1411 2437 de
1434 2403 1548 2437 Canto

75 2450 179 2485 alium
192 2449 409 2486 Sacerdotem
428 2452 657 2488 Nicodemum
673 2453 813 2488 Danieli
831 2480 836 2486 .
866 2452 990 2487 Iterum
1008 2453 1122 2498 itaque
1139 2452 1181 2487 ad
1208 2453 1270 2487 hoc
1297 2453 1435 2487 Sacrum
1459 2449 1549 2484 Tri-

74 2496 180 2532 bunal
201 2498 297 2532 venit
320 2498 479 2533 Sacerdos
497 2500 634 2536 Marcus
648 2524 659 2540 ,
684 2501 717 2536 ὃς
740 2513 781 2536 ex
793 2500 960 2545 rescripto
976 2501 1044 2534 lato
1057 2500 1111 2534 die
1124 2507 1158 2535 6.
1178 2500 1259 2540 Julii
1278 2499 1452 2544 superioris
1469 2496 1549 2532 anni

78 2555 176 2588 1749-
199 2555 391 2581 commotus
410 2546 591 2593 Episcopus
607 2548 870 2595 Caputaquensis
892 2547 1005 2582 literas
1020 2549 1151 2582 tandem
1165 2548 1256 2582 dedit
1275 2574 1284 2587 ,
1312 2546 1440 2593 quibus
1457 2545 1550 2579 dixit

75 2592 284 2643 Sacerdotem
305 2592 405 2627 illum
423 2593 533 2628 letam
549 2593 694 2640 Neapoli
711 2596 816 2630 vitam
841 2595 1018 2630 traducere
1034 2620 1044 2633 ,
1069 2593 1254 2629 affectatam
1271 2595 1343 2636 ejus
1363 2592 1426 2628 csse
1451 2590 1552 2626 infir-

76 2649 230 2672 mitatem
246 2666 256 2678 ,
281 2640 312 2674 &
329 2640 492 2685 quaerelas
517 2642 576 2675 hac
588 2641 630 2676 de
657 2655 690 2676 re
705 2642 852 2678 habuisse
874 2644 913 2676 ab
938 2642 1017 2677 aliis
1044 2643 1304 2677 Sacerdotibus.

31 2683 183 2737 Post-hoc
202 2685 354 2733 Episcopi
375 2687 566 2733 responsum
579 2688 667 2730 juffit
686 2689 823 2725 Sacrum
849 2689 1006 2724 sribunal
1024 2716 1034 2729 ,
1060 2699 1095 2722 ut
1113 2690 1347 2734 pr.efigcretur
1364 2688 1471 2724 Clero
1486 2695 1553 2720 ter-

77 2743 186 2768 minus
204 2733 334 2774 adjura
347 2734 401 2769 sua
415 2734 613 2770 deducenda
629 2749 640 2774 ς
668 2737 849 2785 Episcopus
862 2736 998 2783 prefixit
1011 2737 1095 2770 duos
1112 2737 1263 2772 Menses:
1291 2737 1413 2771 C'ierus
1437 2744 1553 2769 autem

77 2779 265 2817 declaravit
281 2807 291 2825 ,
315 2792 498 2828 numquam
512 2781 571 2818 sibi
587 2785 622 2818 in
646 2794 794 2821 mentem
810 2782 936 2823 venisse
951 2784 1174 2831 impugnandi
1190 2785 1359 2821 Sacerdoti
1379 2783 1502 2863 bigarco
1516 2781 1555 2814 de

124 2857 127 2860 .
1424 2837 1507 2863 anto
