1977 3028
92 112 181 147 ,Qdfcff
195 136 203 148 ,
231 109 262 143 ἃ
278 102 498 141 Tabellionis
516 131 526 144 ,
551 103 608 152 qui
623 116 641 139 a
663 103 845 140 Testatore
863 102 988 140 eiectus
1005 103 1073 139 fuit
1085 130 1095 144 ,
1121 104 1152 139 &
1167 115 1261 141 exeo
1277 104 1404 152 liqueat
1415 69 1583 142 redditu?

91 158 239 201 ejusdem
254 154 326 190 assis
340 152 552 189 haereditarii
568 153 668 199 usque
686 151 876 199 pervenisse
891 153 931 186 ad
947 164 1077 187 annuas
1091 152 1197 187 libras
1212 165 1291 194 ιςς.
1305 181 1312 192 ,
1335 165 1408 200 quae
1431 154 1563 188 faciunt

89 205 174 240 scut.
190 205 248 247 46·
260 229 269 240 ,
295 202 391 237 nulla
407 201 520 235 habita
535 200 671 235 ratione
685 200 828 235 aliarum
846 202 1086 246 pecuniarum,
1113 213 1184 244 quse
1197 203 1288 247 exigi
1304 207 1451 241 debent,
1477 213 1561 236 con-

85 253 227 297 sequens
259 250 298 286 fit
321 247 589 295 Cappellaniam
614 248 857 282 refidentialem
883 246 946 281 elle
966 248 1158 292 erigendam
1176 275 1184 286 ‚
1212 261 1291 295 quia
1308 248 1460 284 redditus
1480 248 1559 283 satis

85 300 172 340 sint,
197 309 274 332 cum
290 308 386 332 extra
403 306 536 330 omnem
554 294 801 329 dubitationem
824 294 861 328 sit
876 321 885 332 ‚
912 295 942 328 δι
970 295 1144 329 fateantur
1165 296 1269 330 etiam
1295 297 1496 341 Episcopus,
1524 298 1558 331 δε

82 346 246 382 Vicarius
263 343 449 380 Generalis
467 342 502 376 in
516 342 631 376 eadem
646 341 840 386 Collegiata
855 340 1001 377 Ecclesia
1015 343 1098 376 alias
1113 345 1175 376 eise
1191 342 1436 389 Cappellanias
1448 371 1456 381 ,
1481 355 1555 389 quae

83 395 236 429 minores
253 393 377 427 habent
389 390 535 425 redditus
548 415 557 428 ‚
581 390 613 423 ἅ
628 389 788 436 graviora
816 400 917 423 onera
932 413 941 426 ,
966 401 1042 423 nam
1057 401 1142 424 onus
1170 390 1266 424 unius
1282 390 1375 425 Sacri
1394 390 1554 434 qualzbet

81 441 292 476 hebdomada
309 440 386 474 leve
401 437 445 473 est
460 464 470 478 ‚
502 438 531 471 &
549 436 686 473 facilius
700 434 831 483 possunt
844 436 1050 484 Cappellani
1065 437 1141 472 alus
1157 436 1281 472 diebus
1298 449 1364 473 non
1390 439 1552 482 impediti

84 490 186 524 sacra
202 499 304 535 agere
324 488 382 523 suo
396 489 599 533 compendio
617 512 626 521 .

35 538 134 576 Hinc
147 547 213 570 non
234 535 298 570 effe
311 535 524 582 spectandam
541 544 710 570 rationem
729 561 739 574 ,
763 546 827 580 qua
844 534 1024 579 Episcopus
1036 533 1167 569 censuit
1186 532 1395 567 Beneficium
1413 532 1552 576 simplex

82 583 146 622 effe
162 583 359 628 erigendum
376 610 386 622 ‚
411 594 487 617 cum
501 581 590 616 enim
606 582 779 617 haereditas
795 582 873 617 satis
889 581 927 616 sit
939 583 978 616 ad
991 581 1254 628 Cappellani‘am
1277 580 1522 615 relidentialem
1539 606 1550 618 ,

80 632 255 677 implenda
270 630 316 666 est
330 630 518 667 Testatoris
529 632 710 668 voluntas,
737 630 793 675 qui
813 629 921 665 sciens
934 629 1097 670 Joannem
1113 628 1396 675 Christophurum
1410 629 1527 673 Coppa
1538 652 1550 667 ,

82 678 220 725 ejusque
231 677 379 713 Gentem
398 689 464 711 non
478 675 541 710 esse
559 676 735 711 Astensem
747 704 757 717 ‚
785 677 838 712 sed
854 687 1005 712 exteram
1019 703 1028 716 ‚
1053 677 1247 723 intelligere
1261 688 1395 723 quoque
1409 678 1444 710 dt
1453 672 1526 709 buit
1538 701 1549 714 ‚

80 725 211 762 necesse
226 725 316 765 esse,
338 736 375 760 ut
388 727 473 763 lares
488 725 521 758 in
535 723 728 758 Civitatem
751 724 973 763 transferret,
998 726 1027 759 &
1046 725 1289 768 consequenter
1305 751 1312 762 ,
1338 722 1359 756 li
1377 722 1550 769 erigendo

82 772 346 821 Cappe-llaniam
365 771 607 808 residentialem
623 798 632 811 ,
654 771 752 807 illum
768 773 960 808 nominavit
973 773 1121 818 primum
1142 771 1391 818 Cappellanuin
1406 797 1416 810 ‚
1442 774 1470 804 ό(
1489 770 1550 804 Pa-

81 829 261 856 tronatum
280 821 375 867 genti
393 820 517 863 Coppoe:
535 819 676 864 reliquit
694 846 702 857 ,
723 831 875 864 apertum
889 819 935 855 est
948 831 1023 855 eum
1041 820 1073 854 in
1094 822 1172 856 casu
1188 847 1198 859 ,
1221 829 1287 861 quo
1302 820 1378 854 satis
1397 817 1476 852 esset
1493 817 1550 851 sua

80 868 262 903 haereditas
276 869 316 901 ad
340 866 607 914 Cappellaniam
632 864 876 902 residentialem
891 895 901 907 ,
924 866 1014 902 nihil
1027 869 1114 912 pensi
1129 865 1278 902 habuisse
1293 867 1336 901 de
1349 866 1525 900 commodo
1537 888 1550 902 ,

78 915 139 952 vel
155 914 378 950 incommodo
392 915 520 960 eoppae
533 940 542 952 ‚
568 915 599 948 ὅ(
619 926 661 949 an
677 924 860 960 cogeretur
879 914 921 949 ad
944 916 1088 961 patriam
1104 941 1113 953 ,
1140 923 1385 961 pattrnamque
1414 913 1550 947 domum

81 963 322 1000 deserendam
350 974 417 997 non
433 961 525 996 enim
540 973 617 995 eum
629 961 880 1006 Cappellanum
894 961 1090 996 nominasset
1102 989 1110 1001 ‚
1139 962 1160 996 si
1187 959 1381 1006 respexisset
1402 964 1440 995 ad
1458 970 1551 994 com-

80 1010 181 1045 moda
196 1009 329 1054 Coppae
342 1035 351 1048 ,
379 1009 523 1053 ideoque
535 1020 576 1053 ex
593 1009 655 1045 hac
669 1010 803 1044 ratione
816 1009 1017 1044 inutilitatis
1034 1008 1235 1055 Cappellani
1251 1007 1377 1053 Coppae
1396 1008 1483 1042 male
1497 1018 1550 1040 ar-

78 1056 187 1103 guiffe
213 1056 410 1101 Episcopum
424 1056 601 1094 -Astensem
617 1068 688 1091 non
701 1056 763 1091 esse
779 1056 975 1102 erigendam
994 1056 1258 1102 Cappellaniam
1272 1055 1519 1089 residentialem
1539 1079 1550 1092 ,

79 1104 213 1150 quando
225 1103 296 1150 ipse
312 1103 475 1140 Testator
491 1104 601 1138 voluit
615 1103 882 1150 Gappellaniam
904 1103 1156 1138 relidentialem
1175 1129 1183 1141 ,
1213 1102 1408 1137 nominavit
1429 1102 1548 1147 Coppa

78 1151 226 1198 primurn
239 1151 495 1198 Cappellanum
508 1151 615 1186 sciens
627 1163 703 1185 eum
718 1162 784 1185 non
808 1149 1060 1187 esseAstensem
1076 1175 1086 1188 ,
1113 1151 1168 1185 sed
1183 1163 1224 1185 ex
1243 1151 1333 1195 Pago
1356 1149 1547 1195 Costiglio·

78 1199 191 1237 larum
207 1221 217 1232 .
238 1198 356 1244 quue
369 1199 515 1244 amplius
529 1225 539 1238 ,
563 1198 655 1244 quod
672 1210 737 1232 non
762 1198 913 1233 subfistat
939 1198 1167 1242 praemiectio.
1192 1209 1257 1242 qua
1271 1197 1393 1231 nititur
1406 1197 1548 1242 Episco-

77 1257 144 1291 pus
159 1272 169 1284 ,
193 1256 268 1279 cum
282 1246 384 1281 haeres
397 1247 516 1286 procul
544 1246 648 1280 dubio
673 1245 881 1290 praedilectus
905 1245 943 1279 fit
965 1257 975 1283 ς
1001 1246 1118 1280 Haeres
1141 1255 1255 1281 autem
1278 1244 1421 1290 scriptus
1441 1243 1548 1279 fuerit'

78 1291 255 1327 Dominus
276 1294 383 1328 noster
397 1293 490 1334 Jesus
520 1292 674 1327 Christus
695 1295 863 1328 mediante
886 1294 1108 1328 l’erezzione
1132 1293 1440 1334 dcll'infrascn'cta
1465 1291 1548 1339 (αρ’-

74 1340 236 1387 pellania
255 1363 266 1377 ,
292 1340 381 1375 itaut
395 1338 542 1375 inficiari
555 1348 702 1386 nequeat
719 1339 949 1386 praedileclam
975 1338 1068 1373 fuisse
1081 1339 1339 1386 Cappellaniam
1360 1338 1547 1384 Cappella·

78 1397 128 1421 no
141 1411 152 1424 ‚
176 1388 207 1421 δι
221 1384 343 1421 cess'are
359 1386 497 1423 demum
512 1398 647 1421 omnem
667 1386 930 1432 disputationem
945 1398 986 1421 ex
1011 1385 1098 1419 facto
1112 1413 1121 1425 ,
1149 1399 1225 1422 cum
1255 1385 1424 1420 Sacerdos
1447 1385 1546 1430 Cop-

78 1445 124 1479 pa
147 1433 204 1469 sex
229 1434 271 1468 ab
296 1434 374 1469 hinc
399 1434 562 1470 mensibus
585 1434 671 1470 lares
699 1434 772 1470 suos
797 1434 1004 1470 transtulerit
1027 1433 1060 1468 in
1084 1434 1284 1470 Civitatem
1309 1460 1320 1474 .
1345 1442 1385 1468 ut
1409 1432 1547 1469 testibus

78 1482 251 1526 probatur
270 1509 277 1516 .
581 1489 584 1492 ”

30 1530 185 1579 Pergunt
202 1528 402 1580 Exequutor
416 1530 686 1568 testamentarius
704 1558 714 1571 ,
740 1533 770 1567 &
789 1530 994 1576 Capitulum
1014 1557 1023 1570 ,
1049 1543 1088 1566 ac
1101 1532 1309 1566 contendunt
1335 1527 1458 1564 fructus
1471 1528 1546 1563 hae-

79 1575 239 1610 feditatis
251 1602 260 1615 ,
285 1576 345 1623 qui
359 1576 394 1612 in
417 1578 540 1615 summa
556 1580 598 1615 sc.
612 1587 664 1614 60.
684 1580 718 1613 in
733 1591 830 1614 manu
846 1579 919 1614 sunt
936 1578 1227 1614 Administrotoris
1241 1605 1251 1617 ‚
1279 1589 1347 1615 non
1362 1576 1477 1610 deberi
1491 1576 1546 1616 JO·

79 1624 160 1657 anni
176 1622 422 1673 Christophoro
438 1625 566 1673 Coppa:
581 1652 589 1665 ‚
620 1627 672 1662 sed
687 1626 722 1661 in
734 1637 977 1672 augumentum
995 1624 1061 1659 ssve
1077 1625 1312 1671 Cappellania:
1327 1651 1335 1663 ‚
1359 1621 1426 1657 slve
1443 1623 1546 1658 Bene-

73 1668 146 1723 sicii
165 1671 317 1722 erigendi
329 1674 446 1706 cedere
459 1672 584 1708 debere
601 1686 642 1708 ex
661 1672 872 1719 dispositione
887 1675 968 1716 iuris
984 1700 992 1712 ‚
1021 1686 1094 1720 quae
1110 1675 1185 1709 vult
1202 1674 1326 1709 smnus
1342 1670 1545 1706 haereditatis

72 1726 243 1760 jacentis,
268 1719 325 1754 vel
341 1729 500 1755 currente
530 1731 685 1767 tempore
709 1721 948 1761 deliberandi,
978 1722 1031 1755 vel
1046 1733 1077 1754 n:
1094 1721 1198 1756 ndum
1220 1722 1317 1756 adita
1339 1720 1380 1753 ab
1403 1718 1542 1754 haerede

75 1764 302 1806 haereditate,
331 1778 453 1813 augere
467 1767 700 1804 haereditatem
728 1768 835 1814 ipsam
851 1795 860 1807 ,
887 1771 918 1802 ὅ(
936 1769 970 1802 in
994 1767 1091 1802 assem
1119 1769 1262 1809 cedere,
1289 1779 1326 1804 ut
1354 1766 1399 1801 est
1424 1769 1458 1801 in
1474 1767 1540 1811 leg.

73 1813 162 1847 item
179 1816 323 1848 veniunt
350 1811 385 1860 ξ.
401 1820 482 1850 Item
511 1818 687 1858 nonsolum
702 1818 791 1861 ffch'e
803 1819 897 1862 petit
925 1817 1125 1861 lmred0lcg.
1142 1817 1199 1857 fin.
1220 1819 1247 1857 ξ.
1264 1816 1341 1859 Εΐβ
1358 1814 1541 1860 pra-'fatam

73 1860 155 1893 Cod-
170 1861 207 1894 de
222 1863 307 1904 ‘'Jur.
319 1861 450 1897 deliber
478 1862 664 1897 Praesertim
683 1862 864 1897 accedente
879 1862 1060 1897 voluntate
1081 1862 1181 1908 ipsius
1204 1860 1396 1897 Testatoris
1410 1885 1420 1897 ‚
1445 1859 1541 1900 cujus

77 1905 271 1941 voluntatis
292 1908 419 1953 optima
432 1935 443 1949 ,
469 1920 506 1942 ac
523 1911 708 1944 vehemens
733 1909 887 1942 educitur
903 1909 1095 1949 conjectura
1110 1921 1152 1943 ex
1177 1909 1227 1944 his
1240 1936 1249 1949 ‚
1274 1921 1346 1955 quae
1362 1904 1540 1941 habunde

77 1953 252 1989 alimentis
271 1954 383 1990 Uxori
399 1955 545 1991 relictis:
571 1956 634 1992 Ait
649 1956 760 1991 enim:
789 1963 813 1989 L
831 1958 1001 2002 diquiznto
1016 1957 1328 2002 visbpravaneemi
1341 1957 1420 2001 dopo
1435 1955 1543 1988 l’am-

74 2011 230 2036 mantare
256 2004 377 2047 dt'eſji,
401 2006 518 2039 ordz'na
535 2030 546 2043 ,
578 2005 679 2040 vuole
695 2029 705 2043 ,
730 2008 773 2040 eq*
801 2005 962 2041 intende,
988 2002 1046 2038 che
1065 2002 1170 2038 debha
1193 2005 1445 2048 l'infrascritto
1470 2004 1539 2045 Sig.

74 2054 203 2084 curato
222 2049 372 2086 rc'tenere
385 2052 534 2099 appresso
551 2054 586 2087 di
600 2053 637 2094 sb
657 2053 686 2087 il
700 2059 855 2086 contante
864 2059 925 2097 per
939 2050 1079 2097 poterlo
1096 2055 1192 2085 unire
1208 2052 1280 2087 alla
1306 2050 1405 2095 maffa
1428 2051 1463 2084 di
1472 2051 1537 2091 sisa

75 2098 215 2133 eredita·
229 2124 238 2137 ,
256 2098 431 2146 perfizrne
442 2100 541 2142 fondo
564 2104 598 2134 in
612 2100 804 2144 vantaggio
817 2098 1129 2141 dell⁷i71fi·tzfcritto
1152 2097 1311 2139 Beneficio
1325 2124 1334 2137 ‚
1362 2095 1435 2138 osia
1454 2101 1540 2142 Cap-

72 2143 226 2193 pellttnia
241 2144 453 2186 residenti..le
470 2172 479 2184 ,
503 2154 607 2193 oppur
625 2147 788 2192 semplice
814 2146 870 2181 nel
885 2147 978 2179 modo
1011 2146 1225 2189 infrascritto
1245 2148 1425 2183 ordinata:
1451 2141 1539 2187 quod

78 2198 184 2240 igitur
198 2189 270 2226 fieri
283 2192 396 2227 voluit
411 2192 575 2227 Testatur
590 2219 599 2233 ,
628 2191 709 2227 viva
733 2192 850 2227 Uxore
864 2191 1076 2226 alime'ntaria
1097 2218 1107 2232 ,
1133 2193 1231 2239 longe
1257 2191 1365 2238 magis
1380 2202 1458 2225 eum
1475 2201 1542 2224 vo·

78 2235 174 2271 luisse
191 2239 379 2283 putandum
394 2239 440 2273 est
454 2239 669 2274 alimentaria
683 2238 837 2274 defuncta
852 2265 862 2279 ,
884 2240 915 2274 &
935 2239 1024 2284 prius
1050 2251 1150 2285 quam
1175 2239 1272 2275 fieret
1295 2240 1422 2274 eremo
1438 2236 1540 2273 siva,

78 2283 318 2331 Cappellaniae
329 2286 551 2323 refidentialis
569 2312 580 2326 ,
609 2286 676 2322 five
689 2286 849 2322 Beneficii
864 2285 1023 2331 simplicis
1038 2312 1049 2326 ,
1075 2298 1274 2333 omnemque
1289 2285 1412 2322 cessare
1426 2283 1542 2328 dispu-

77 2337 250 2382 tationem
264 2343 305 2367 ex
326 2334 426 2369 litera
444 2333 675 2374 Testamenti,
705 2346 747 2369 ex
759 2345 824 2379 qua
837 2334 964 2370 constat
986 2345 1063 2368 eum
1076 2334 1220 2369 noluisse
1236 2362 1246 2374 ,
1281 2344 1316 2370 ut
1335 2334 1436 2367 fieret
1460 2342 1541 2364 ere-

78 2377 147 2413 eno
165 2404 175 2417 ‚
201 2379 262 2429 nili
277 2380 451 2426 postquam
467 2380 585 2415 finitus
599 2381 679 2418 ess<t
691 2381 893 2416 ususfructus
911 2407 919 2419 ,
945 2385 1000 2415 seu
1011 2382 1129 2416 verius
1155 2393 1241 2417 onus
1266 2382 1513 2417 alimentorum
1530 2401 1542 2416 ,

77 2437 154 2470 quae
177 2426 297 2461 Viduae
314 2429 458 2470 priestari
479 2429 643 2464 debebant
661 2455 670 2467 ‚
695 2428 726 2462 &
742 2428 812 2474 post
837 2428 1006 2471 dispuncta
1028 2428 1144 2463 debita
1170 2428 1379 2463 haereditatis
1393 2454 1402 2466 ,
1428 2426 1461 2459 8<
1475 2422 1540 2458 affe

77 2472 297 2509 haereditario
325 2474 370 2509 ab
387 2475 548 2511 oneribus
575 2476 753 2515 omnibus,
778 2475 967 2520 debitisque
997 2474 1128 2514 solut03
1151 2487 1264 2523 neque
1283 2474 1429 2510 accusari
1454 2469 1541 2517 posse

76 2519 320 2571 *exequutores
343 2521 384 2556 de
408 2521 618 2570 negligentia
636 2548 646 2563 ,
672 2523 701 2557 δι
721 2533 813 2557 mora
828 2549 838 2563 ,
862 2535 903 2557 ex
918 2534 983 2567 qua
1005 2522 1154 2557 nondum
1169 2522 1252 2558 facta
1268 2521 1367 2556 fuerit
1390 2519 1514 2555 erectio
1532 2532 1542 2558 3

78 2567 116 2602 nd
133 2569 223 2603 enim
244 2581 309 2603 non
327 2580 368 2603 ex
382 2569 481 2615 culpa
497 2569 747 2616 Exequutorum
764 2596 774 2609 ,
800 2569 853 2605 sed
878 2581 917 2603 ex
936 2570 1002 2613 ipsa
1016 2570 1066 2604 rei
1082 2579 1202 2605 natura
1224 2567 1372 2604 evenisse
1388 2567 1455 2613 ipse
1472 2575 1541 2601 tra-

76 2613 130 2699 git
152 2613 336 2697 Episcopus
359 2643 366 2650 .
396 2617 481 2651 Htrc
503 2616 705 2663 Exequutor
721 2642 732 2652 .
757 2619 791 2652 A
814 2617 930 2663 Coppa
946 2617 1034 2651 nihil
1052 2616 1228 2652 habuimus
1244 2644 1251 2653 .
1277 2615 1397 2652 Causx
1412 2615 1539 2660 Capita

105 2672 152 2697 xc
193 2673 250 2698 unt
263 2687 275 2698 .

29 2705 60 2745 1.
84 2709 198 2754 «infit
213 2713 409 2793 efigcndum
426 2710 777 2760 Bcrzeficiumfimplex
792 2726 864 2749 cnm
882 2710 1240 2795 onerelcelebiuztionis
1255 2710 1428 2792 Mtffarugn
1446 2735 1455 2748 ‚
1479 2722 1539 2741 ³1*-

249 2765 384 2796 om.XX.
1412 2757 1495 2792 itrio
