1977 3028
124 131 221 165 quam
234 114 434 163 expectabat
459 112 786 160 occasionenxgqua
801 112 1005 161 propofitum
1017 114 1080 148 hoc
1098 111 1263 160 perficere
1287 111 1413 160 posset.
1439 78 1587 148 simulas:

116 167 165 199 vit
183 166 287 212 igitur
302 160 435 198 necesse
449 160 514 197 esse
529 187 539 200 ,
567 171 605 197 ut
626 160 817 199 Bizantiffln
831 169 987 207 pergeret
1008 186 1019 200 ,
1043 160 1099 196 sed
1111 160 1242 197 necess'e
1260 161 1292 197 ei
1317 161 1386 195 fuit
1406 160 1587 207 Magdale—

113 225 189 249 uam
204 214 348 247 ducere,
376 220 446 256 quae
461 208 603 249 noluit,
631 218 668 243 ut
695 210 780 244 solus
793 208 1006 245 discederet.
1034 208 1210 243 Concesiit
1232 209 1339 256 igitur
1368 207 1558 243 Bizanttum
1574 233 1586 247 .

115 259 170 295 ubi
185 257 400 295 commodam
424 257 544 291 nastris
565 256 777 292 occafionem
805 254 1052 302 magdalenam
1076 254 1228 290 deseruit
1245 281 1255 294 ‚
1280 256 1311 290 δι
1341 255 1480 290 ubinam
1499 267 1586 301 gen-

113 308 201 342 tium
217 307 277 345 sit,
303 316 346 339 an
360 305 458 338 vivat
483 301 609 342 adhuc,
640 314 683 337 an
698 301 873 338 decesserit
891 329 900 342 ,
926 303 1128 347 ignoratur.
1153 301 1305 337 Smirnas
1319 302 1418 336 rediit
1437 302 1585 348 Magda-

113 355 190 390 lena
209 380 218 394 ‚
243 352 301 388 ubi
318 361 432 386 rumor
447 349 646 385 invaluerat
668 349 834 396 fugitium
855 348 1018 384 Cosmum
1045 347 1199 387 Uxorem
1224 350 1347 385 habere
1373 349 1556 385 Florentia:
1573 377 1583 386 .

114 399 316 448 magdalena
334 398 444 444 igitur
454 406 528 433 rata
550 397 686 432 nullum
700 396 795 432 fuisse
818 395 1077 432 matrimonium
1096 422 1105 433 ,
1139 395 1232 440 quod
1247 407 1328 432 cum
1349 408 1390 430 eo
1406 406 1584 432 contraxe-

114 458 169 484 rat
185 475 195 488 ,
219 458 345 482 novum
360 444 418 480 sibi
434 444 652 491 comparavit
666 453 848 479 amatorem
862 444 914 485 Jo=
932 441 1118 488 Baptistam
1131 443 1383 489 Horologiari.
1405 442 1454 478 Ut
1466 446 1505 478 de
1521 444 1583 481 hac

115 495 229 531 Cosmi
245 493 360 529 Uxore
376 495 500 527 certior
527 490 623 527 fieret
653 492 812 527 Vicarius
838 489 1083 538 Apostolicus‚
1113 491 1232 526 literas
1245 490 1341 525 dedit
1369 490 1408 524 ad
1434 491 1583 526 amicum

114 541 296 578 Florenniae
315 541 462 575 incolam
478 566 488 580 ,
512 539 571 586 qui
595 538 767 584 respondit
790 536 959 574 Cosmum
986 536 1137 577 habuisse,
1162 537 1300 584 quidem
1322 537 1496 578 Uxorem,
1524 537 1583 574 sed

114 602 157 626 eo
169 616 179 629 ,
204 591 291 635 quod
309 587 406 631 supra
419 586 566 622 diximus
584 612 595 626 ,
619 595 773 633 tempore
788 584 955 624 decessisse
967 610 980 622 .

75 637 279 683 Magdalena
295 664 303 676 ‚
328 635 378 671 his
389 633 536 679 cognitis
552 660 562 674 ,
588 634 719 679 petiita
740 632 888 670 Vicario
902 631 1104 679 Apostolico
1128 633 1329 669 facultatem
1350 632 1580 669 contrahendi

115 683 369 720 matrimonium
386 694 460 717 cum
472 682 602 723 joanne
618 679 765 727 Baptista
780 705 790 720 ‚
810 680 863 716 sed
877 707 888 723 ,
912 691 989 715 cum
1001 681 1112 717 eidem
1130 681 1275 717 Vicario
1293 681 1494 726 Apostolico
1509 692 1583 716 non

115 732 283 778 liqueret,
307 741 350 765 an
368 730 501 766 nullum
513 727 594 766 esset
608 728 884 767 matrimonium,
911 729 1001 774 quod
1028 728 1099 774 ipsa.
1112 738 1330 765 contraxerat
1353 740 1430 765 cum
1452 727 1579 763 Cosmo

114 778 228 824 Par-igi
245 803 255 816 ‚
275 777 385 812 noluit
411 776 576 814 vicarius
602 776 764 821 petitioni
786 775 1003 822 Magdalenae
1029 775 1231 823 indulgere,·
1251 775 1310 811 illa
1331 775 1434 822 igitur
1456 774 1585 826 §necet

113 826 182 861 ritu
207 823 462 860 matrimonium
481 825 559 859 iniit
589 835 665 859 cum
686 825 816 865 joanne
837 822 1010 871 Baptista,
1036 824 1071 859 in
1098 825 1192 866 cujus
1216 824 1441 859 contubernio
1463 823 1579 861 vivit,

112 884 219 918 neque
233 872 304 907 ulla
318 872 386 917 spes
400 871 446 906 est
459 897 468 910 ,
494 880 533 906 ut
549 873 590 906 ab
614 884 655 906 eo
669 871 862 906 divellatur
879 896 889 910 ,
913 882 931 904 e
945 881 1012 917 quo
1037 872 1151 916 plures
1173 872 1260 906 filios
1287 871 1431 918 suscepit
1445 894 1453 903 .
1482 870 1579 905 Huic

114 920 206 956 malo
219 919 421 954 medicinam
441 930 556 964 parare
568 918 707 964 cupiens
721 944 730 956 ,
757 919 816 964 qui
831 928 921 952 nunc
945 917 1062 962 praeest
1084 918 1134 954 uti
1157 918 1316 954 vicarius
1341 918 1577 964 Apostolicus‚

114 978 227 1014 preces
238 966 363 1002 obtulit
390 965 613 1010 Amplitlimis
641 965 801 1002 Patribus
817 992 829 1007 ,
854 965 978 1010 quibus
999 964 1186 1011 postulavit
1202 993 1212 1006 ,
1241 974 1278 1001 ut
1292 965 1374 1011 quid
1395 965 1455 1013 ipfi
1474 976 1579 1011 agen-

113 1017 190 1050 dum
203 1012 305 1052 esset,
330 1013 576 1052 rescriberent,
605 1014 634 1047 δι
653 1012 834 1050 definirent
849 1039 858 1052 ‚
881 1023 922 1048 an
950 1013 1126 1053 validum,
1150 1015 1205 1048 vel
1221 1013 1357 1048 nullum
1385 1012 1490 1050 suerit
1505 1023 1578 1046 ma·-

114 1061 313 1097 trimonium
331 1061 417 1095 inter
438 1060 598 1096 Cosmum
612 1087 621 1099 ,
644 1062 675 1096 &
703 1059 943 1106 Magdalenam
969 1059 1095 1095 initum
1111 1083 1124 1096 .
1147 1059 1272 1101 Jussum
1295 1059 1340 1095 est
1355 1086 1365 1099 ,
1392 1069 1429 1095 ut
1450 1059 1579 1106 species

112 1110 225 1145 omnis
241 1107 339 1151 huj-us
350 1107 468 1143 Causae
481 1109 618 1143 daretur
628 1111 662 1144 in
672 1109 756 1151 folio
772 1134 782 1146 ,
807 1109 838 1142 δι
853 1106 1002 1142 rationes
1018 1106 1090 1142 suas
1104 1106 1226 1142 libello
1240 1107 1426 1153 complexa
1446 1107 1492 1143 est
1505 1106 1581 1141 Ma-

110 1156 253 1203 gdalena
268 1182 280 1195 ‚
302 1168 374 1199 quae
388 1154 538 1203 disputat
553 1155 685 1190 nullum
702 1153 798 1191 fuisse
811 1154 1073 1189 matrimonium
1088 1180 1100 1194 ‚
1125 1153 1255 1190 defectu
1271 1153 1451 1190 consensus
1466 1182 1475 1194 ,
1501 1164 1578 1188 cum

110 1202 252 1238 Cosmus
266 1230 276 1243 ,
303 1203 383 1238 viva
397 1202 508 1237 adhuc
523 1202 637 1237 uxore
653 1202 822 1250 sponsalia
842 1201 1058 1237 contraxerit
1078 1229 1088 1242 ,
1117 1202 1149 1237 &
1163 1211 1298 1238 mortua
1322 1201 1405 1237 licet
1434 1201 1554 1239 Uxor-e
1568 1226 1581 1240 ,

111 1262 154 1286 eo
169 1259 283 1285 tamen
297 1251 369 1293 ejus
384 1258 533 1285 mortem.
553 1249 734 1296 ignorante
753 1275 761 1286 ,
785 1247 867 1285 lic‘et
892 1247 992 1284 sciret
1019 1259 1186 1295 aegrotam
1206 1248 1271 1284 effe
1285 1274 1296 1288 ,
1321 1248 1580 1285 matrimonium

112 1297 345 1337 contraxerit,
369 1298 458 1343 quod
483 1298 614 1333 nullum
636 1296 877 1333 declarandum
899 1295 967 1336 est,
995 1296 1075 1343 quia
1091 1295 1159 1333 fine
1173 1297 1302 1333 nuncio
1329 1306 1428 1332 certae
1459 1295 1579 1331 mortis

109 1344 366 1381 matrimonium
381 1345 539 1380 contrahi
557 1356 622 1379 non
640 1353 775 1390 poterat
793 1372 801 1380 .
830 1342 991 1379 Eumdem
1017 1343 1185 1379 desectum
1211 1343 1390 1381 consensus
1416 1343 1554 1379 nullum
1567 1368 1578 1384 2

111 1392 316 1438 irritumque
330 1389 504 1426 reddidisse
524 1392 780 1428 matrimonium
797 1391 904 1426 etiam
927 1402 969 1425 ex
989 1399 1084 1434 parte
1099 1390 1314 1438 Magdalenae
1327 1417 1337 1431 ,
1358 1402 1430 1437 qur:
1456 1400 1578 1437 putans

110 1438 273 1475 Cosmum
295 1438 359 1474 esse
374 1439 517 1475 liberum
532 1439 628 1482 iuxta
655 1438 927 1475 testificationem
946 1437 1115 1475 libertatis
1137 1439 1253 1473 datam
1270 1438 1409 1519 Vica¹11i0
1428 1437 1579 1486 Aposto-

114 1485 182 1522 lico
195 1513 204 1526 ,
227 1487 488 1523 matrimonium
508 1488 683 1523 contraxit
700 1513 709 1527 ,
736 1499 802 1522 non
817 1487 1032 1522 contractura
1046 1511 1057 1524 ‚
1084 1485 1106 1520 fi
1125 1485 1272 1522 scivisset
1294 1484 1348 1519 Co
1366 1497 1459 1520 mum
1477 1484 1579 1520 Uxo-

111 1545 184 1569 rem
197 1534 318 1569 habere
332 1559 344 1572 ,
366 1545 442 1570 cum
457 1535 558 1581 igitur
571 1534 740 1570 erraverit
751 1537 788 1569 in
807 1534 1003 1568 conditione
1016 1532 1173 1580 personae
1191 1560 1201 1574 ,
1227 1534 1258 1569 δι
1273 1543 1366 1569 error
1381 1531 1584 1568 consensum

110 1581 235 1616 adimat
250 1583 292 1617 ab
312 1581 384 1616 afim
400 1605 410 1619 ,
431 1581 612 1617 dicendum
624 1580 663 1616 sit
687 1581 818 1617 nullum
839 1579 934 1617 fuisse
963 1580 1225 1616 matrimonium
1245 1579 1377 1615 defectu
1401 1578 1581 1616 consensus

113 1627 287 1675 utriusque
303 1627 539 1664 contrahentis
552 1653 564 1665 .
592 1630 646 1664 Ne
675 1641 715 1664 ue
732 1639 765 1662 in
780 1628 920 1663 dubium
936 1629 1090 1663 revocari
1120 1627 1207 1675 posse
1222 1627 1388 1663 cosmum
1411 1624 1578 1671 ignorasse

113 1685 256 1710 mortem
273 1674 423 1713 Uxoris,
438 1684 512 1711 tum
527 1677 605 1721 quia
622 1679 666 1710 tel
685 1676 892 1710 ificationem
913 1686 981 1710 non
993 1675 1198 1715 viduitatis,
1225 1676 1279 1710 sed
1293 1674 1390 1710 liberi
1407 1675 1504 1710 status
1520 1685 1578 1708 ex-

112 1721 224 1758 hibuit
238 1722 461 1758 adulterinam
473 1749 483 1762 ,
510 1731 582 1758 tum
594 1722 676 1769 quia
687 1723 738 1757 ob,
749 1722 969 1767 longitlimam
985 1722 1156 1759 Locorum
1171 1723 1367 1758 distantiam
1381 1733 1445 1757 non
1466 1720 1580 1768 potuit

111 1779 256 1804 mortem
268 1767 387 1805 rescire
411 1770 585 1817 coniugis,
614 1780 685 1805 tum
707 1770 787 1816 quia
802 1772 843 1804 ab
867 1770 931 1804 hoc
958 1770 1102 1805 secundo
1127 1772 1351 1805 matrimonio
1375 1778 1580 1814 tamquama

111 1817 253 1853 crimine
267 1816 471 1856 abhorruit,
494 1818 588 1863 quod
600 1817 634 1852 in
650 1819 749 1853 causa
763 1816 831 1851 fuit
844 1843 853 1856 ,
881 1826 918 1851 ut
936 1816 1178 1863 Magd-alenam
1194 1817 1356 1853 desereret
1370 1842 1380 1856 ,
1405 1827 1443 1852 ut
1458 1817 1582 1860 probat
1621 1860 1624 1863 Δ

112 1864 264 1911 Epistola
279 1863 440 1900 Bizantio
453 1865 530 1899 data
543 1867 583 1899 ad
594 1864 740 1899 amicum
751 1862 979 1897 Smirnensem
993 1888 1002 1900 ‚
1029 1863 1064 1897 in
1080 1874 1145 1911 qua
1158 1863 1334 1897 damnavit
1348 1889 1358 1903 ‚
1383 1863 1471 1908 quod
1497 1873 1579 1908 ege-

110 1921 162 1948 rat
178 1938 187 1951 ‚
212 1911 415 1957 aperuitque
432 1913 542 1947 amico
556 1911 764 1957 propositum
788 1909 942 1955 fugiendi
961 1935 971 1949 ,
992 1910 1021 1943 &
1037 1921 1111 1944 eam
1124 1909 1297 1945 deserendi
1312 1934 1323 1946 .

67 1962 110 1998 In
124 1961 173 1994 bis
191 1959 297 2005 igitur
310 1958 570 1993 circumstantiis
583 1967 701 2006 aperte
722 1956 869 2004 dignosci
886 1957 1142 1992 matrimonium
1158 1970 1235 1993 cum
1252 1957 1454 2003 Magdalena
1468 1970 1483 1993 a
1498 1957 1580 1992 Cos—

111 2018 173 2042 mo
186 2006 400 2042 contractum
412 2004 503 2041 fuisse
518 2031 528 2045 ‚
550 2017 620 2041 non
634 2007 716 2053 quia
730 2005 831 2040 sciret
850 2004 1002 2039 Uxorem
1017 2003 1109 2040 suam
1127 2005 1319 2041 defunctam
1334 2003 1426 2040 tuisse
1443 2031 1453 2044 ,
1468 2005 1521 2041 sed
1543 2014 1583 2040 uti

113 2056 244 2089 vitaret
269 2052 377 2087 minas
404 2052 735 2098 consanguineorum
763 2051 981 2099 Magdalenae
998 2077 1007 2090 ,
1032 2052 1114 2097 qui,
1140 2065 1216 2089 cum
1240 2065 1314 2088 eam
1339 2062 1437 2088 utero
1466 2064 1585 2100 gerere

114 2099 351 2148 cognovissent
364 2126 374 2140 ,
402 2110 543 2136 mortem
566 2101 785 2135 minabantur
797 2127 806 2139 ,
832 2111 932 2145 quam
947 2108 984 2134 ut
998 2099 1130 2145 sugeret
1157 2100 1304 2136 Cosmus
1319 2127 1328 2139 ,
1352 2101 1488 2137 decepit
1502 2111 1584 2135 con-

116 2148 340 2194 sanguineos,
364 2148 499 2194 decepit
525 2147 682 2183 Puellam
697 2172 707 2187 ,
730 2148 934 2194 decepitque
953 2147 1136 2183 Vicarium
1164 2147 1396 2193 Apostolicum
1423 2148 1508 2184 salsa
1529 2157 1581 2184 te-

118 2194 319 2240 stificatione
345 2194 540 2235 libertatis,
566 2207 632 2242 qua
656 2194 916 2230 matrimonium
942 2195 1117 2230 contraxit
1142 2209 1156 2235 ;
1181 2207 1309 2231 novam
1336 2195 1448 2240 itaque
1475 2195 1583 2229 ratio-

119 2253 246 2278 nemex
261 2245 462 2278 boemetua
484 2243 745 2289 consanguineis
771 2242 874 2278 illato
895 2241 1021 2281 educi,
1045 2255 1120 2289 quae
1142 2246 1259 2290 probet
1289 2241 1483 2278 nullitatem
1509 2254 1584 2277 ma-

119 2290 272 2325 trimonii
284 2289 416 2326 desectu
428 2289 606 2326 consensus
624 2313 634 2324 .
663 2289 785 2335 Neque
799 2289 844 2325 ad
859 2301 931 2324 rem
946 2289 1115 2333 pertinere
1136 2290 1392 2337 dispositionem
1408 2295 1534 2326 Tenus
1548 2292 1584 2324 fn

119 2345 195 2384 cap.
209 2341 374 2374 Dominus
387 2340 426 2375 de
441 2340 578 2379 secund.
589 2340 720 2386 nuptiis
735 2363 745 2376 ‚
771 2348 849 2372 nam
863 2336 916 2372 dis
962 2335 1037 2372 sitio
1052 2336 1113 2372 illa
1134 2337 1298 2374 succurrit
1325 2335 1465 2381 conjugi
1481 2338 1586 2372 dece-

120 2393 180 2429 pto
197 2393 315 2419 contra
328 2384 554 2431 decipientem
568 2412 577 2426 ,
603 2395 640 2421 ut
661 2384 683 2419 fi
698 2386 858 2431 deceptus
871 2349 977 2423 νεΐὶἵ.
1002 2395 1146 2430 cogatur
1163 2384 1336 2431 decipiens
1359 2382 1443 2419 stare
1462 2383 1588 2419 matri·-

120 2431 241 2467 monio
256 2457 267 2471 ,
291 2442 328 2466 ut
337 2432 513 2479 explicant
531 2438 676 2479 Fagnan.
690 2436 725 2467 sn
741 2445 815 2480 cap.
830 2434 872 2466 ad
884 2431 1026 2474 nostram
1041 2445 1131 2468 num.
1146 2443 1180 2472 7.
1194 2432 1300 2474 infin.
1312 2434 1349 2468 dc
1368 2432 1587 2477 conjngd'er-

120 2491 200 2515 var.
216 2482 377 2516 Navarr.
392 2483 426 2515 in
441 2482 595 2515 manual.
609 2491 681 2527 cap.
699 2489 754 2514 22.
766 2492 855 2515 num.
873 2488 928 2518 23.
946 2489 1013 2513 non
1027 2490 1112 2515 vero
1125 2480 1219 2526 cogit
1232 2480 1410 2523 deceptum
1421 2505 1431 2518 ,
1457 2477 1588 2513 susum-

119 2537 185 2571 que
211 2527 394 2571 coniugem
423 2553 433 2566 ‚
459 2536 496 2562 ut
526 2525 566 2561 stt
592 2528 626 2562 in
641 2525 883 2565 matrimonio;
910 2526 1060 2571 deceptis
1087 2527 1200 2565 enim,
1226 2525 1373 2573 laesisque
1394 2524 1589 2562 succurren-

122 2574 199 2609 dum
213 2573 259 2607 est
275 2599 285 2613 ,
311 2585 379 2608 non
393 2574 666 2620 decipientibus,
692 2574 935 2609 &laedentibus
949 2599 959 2613 ‚
985 2583 1023 2609 ut
1050 2577 1187 2610 tradunt
1211 2574 1349 2610 Oli-ver.
1361 2576 1400 2611 de
1422 2575 1592 2609 nullitate

121 2622 274 2656 matrim.
292 2629 372 2667 μιν.
403 2634 431 2656 1.
453 2622 518 2665 fol.
547 2623 601 2661 46.
621 2624 783 2657 Gratian-
808 2621 945 2669 disi-ept.
969 2621 1037 2664 for.
1064 2630 1138 2668 rap.
1171 2625 1247 2667 ⁸⁴9·
1277 2633 1366 2656 num.
1383 2630 1436 2665 32.
1462 2621 1591 2664 viszya

122 2669 259 2715 discept.
280 2669 406 2712 Eccles.
427 2677 507 2704 tom.
534 2679 565 2709 ς.
583 2679 681 2716 parc.
700 2680 732 2704 ι.
757 2666 790 2715 ᾗ.
810 2675 844 2705 6.
869 2681 961 2704 num.
976 2674 1046 2751 1336.
1069 2673 1112 2706 (9-
1131 2669 1230 2717 seqq.
1245 2668 1330 2705 Haec
1356 2667 1593 2747 M⁸gd²2¹>e⁰⁸'

266 2719 446 2751 Toranium.
1028 2723 1047 2750 3
1429 2717 1464 2753 A
1512 2727 1547 2749 e·
