1978 3017
403 97 651 180 {opromovere
664 159 673 173 ‚
693 142 711 167 e
725 131 915 178 proseguire
927 129 958 164 la
972 129 1084 165 Causa
1103 131 1134 165 di
1154 129 1414 166 Beatificazione
1428 157 1437 170 ,
1462 140 1480 164 e
1496 129 1781 171 Canoniza'zione
1810 136 1845 170 di

404 209 426 222 ,‚
452 181 543 215 detto
557 179 661 215 Beato
677 205 700 220 ,‚
716 179 884 214 Defuncto
898 177 1077 214 Testatore
1091 205 1101 218 ,
1126 179 1217 212 adita
1230 177 1296 213 fuit
1309 180 1351 213 ab
1365 178 1555 213 haeredibus
1570 181 1640 221 ejus
1666 180 1842 218 haereditas

402 239 479 263 eum
503 226 670 262 beneficio
700 226 798 273 Legis
816 253 826 268 ,
855 227 886 261 &
903 225 1096 262 Inventarii
1110 252 1118 260 .
1145 224 1225 262 lude
1249 237 1311 271 ope
1323 255 1325 258 .
1337 224 1441 260 Periti
1467 225 1645 265 Judicialis
1675 225 1839 265 formatus

401 274 471 309 suit
488 274 587 309 status
610 274 869 315 haereditarius,
895 272 1104 317 venditisque
1129 272 1335 315 mobilibus,
1359 271 1541 317 solutisque
1564 271 1711 312 debitis,
1735 277 1841 311 acle-

400 320 512 368 gatis,
541 321 623 356 saffita
638 321 703 356 fuit
719 320 962 356 interhaeredes
974 319 1096 355 divisio
1119 320 1155 354 in
1179 321 1264 355 duas
1280 328 1416 364 partes,
1441 318 1635 365 obtigitque
1659 322 1783 368 cuique
1808 323 1843 361 in

402 378 454 403 tot
469 368 568 404 Locis
581 368 754 411 Montium
768 368 893 404 summa
908 366 992 403 sc.11
1001 367 1054 406 48.
1066 378 1135 412 47„
1149 379 1226 403 cum
1238 367 1414 405 haereditas
1427 366 1625 401 ascenderet
1637 366 1676 402 ad
1690 367 1843 417 sc.22917,

400 415 529 450 relicus
547 415 696 450 indivisis
711 428 778 451 uno
794 443 802 455 ,
821 418 996 460 alteroque
1010 414 1121 449 hortis
1135 414 1171 449 in
1184 414 1344 451 Civitate
1359 414 1533 449 Faventiae
1550 440 1559 453 ‚
1573 425 1718 460 quorum
1734 415 1845 453 usum-

398 462 542 497 fructum
571 461 730 498 Testatos
757 465 932 509 legaverat
951 461 1149 497 Catharinae
1166 461 1332 499 Bertoniae
1345 488 1356 501 ‚
1381 463 1413 497 &
1427 461 1541 509 paucis
1554 461 1759 502 quibusdam
1772 474 1847 500 cre-

398 510 478 545 ditis
493 509 716 547 haereditariis
737 511 880 545 incertis
901 520 1016 544 tamen
1035 535 1044 548 ,
1071 511 1103 544 8<
1121 509 1177 544 liti
1190 509 1350 545 obnoxiis
1368 533 1381 544 .

353 556 401 592 Ex
417 557 469 592 his
485 567 699 602 agnoverunt
714 558 828 592 Patres
844 559 877 593 S.
892 556 1051 592 Marcelli
1066 558 1269 603 portionem
1283 555 1531 592 haereditariam
1543 581 1554 595 ‚
1575 568 1675 602 quam
1703 568 1848 604 accepe-

399 613 473 639 rant
487 630 497 643 ‚
522 603 653 650 integre
676 605 868 650 absorptam
892 605 935 640 iri
956 617 973 639 a
995 604 1189 648 multiplico
1211 604 1365 650 sc.1500.
1381 630 1392 643 ‚
1422 606 1509 639 itaut
1536 615 1604 645 non
1617 603 1728 645 solum
1744 605 1850 641 haere÷

399 650 522 686 ditaria
536 651 704 687 institutio
729 652 838 686 inanis
851 677 861 690 ‚
889 662 990 699 atque
1007 651 1139 687 inutilis
1152 652 1334 690 evaderet,
1357 651 1379 686 fi
1392 651 1624 696 multiplicum
1634 651 1849 697 vimplendum

397 697 480 733 effet
492 722 504 736 ,
527 698 579 731 sed
596 699 879 734 Anniversarium
894 711 1028 745 quoque
1044 698 1079 732 in
1092 709 1190 734 auras
1204 724 1215 737 ‚
1236 710 1302 734 ceu
1315 699 1444 733 sumum
1458 699 1585 733 abiret.
1605 699 1726 734 Preces
1743 699 1851 744 igitur

396 745 599 781 obtulerunt
614 748 714 781 Sacro
728 747 807 781 huic
826 746 1015 781 Tribunali
1029 773 1038 786 ,
1065 748 1190 792 quibus
1208 746 1367 791 petebant
1381 771 1390 784 ‚
1402 754 1440 779 ut
1455 745 1716 781 Eminentiffimi
1733 743 1850 789 Patres

393 792 613 827 consulerent
639 804 756 828 corum
778 794 1021 832 indemnitati,
1050 794 1083 827 8<
1108 792 1280 826 voluntati
1295 791 1480 827 Testatoris
1497 817 1508 830 ‚
1530 793 1589 838 qui
1616 794 1655 828 de
1670 793 1851 829 facultati-

395 842 457 874 bus
469 837 536 872 suis
552 840 697 886 amplius
716 867 725 879 ‚
739 852 840 887 quam
858 840 947 875 iniis
960 839 1062 879 effet,
1092 840 1285 886 speraverat
1299 866 1309 879 ‚
1337 839 1369 874 &
1386 838 1600 885 postulabant
1616 849 1688 879 ,sut
1705 852 1747 877 ex
1766 841 1853 878 dicta

396 887 526 921 summa
541 887 623 924 scut.
642 892 736 933 1148.
759 888 936 922 detrahere
956 886 1086 936 possent
1099 896 1254 932 quartam
1268 900 1309 931 ex
1323 888 1398 933 lege
1414 885 1566 924 ‚Falcidia
1582 886 1618 921 in
1628 889 1852 933 quantitate)

395 933 484 968 scut.
502 937 584 979 382.·
597 939 649 969 82.
665 959 675 972 ,
700 933 780 969 inde
795 944 837 969 ut
853 935 1114 969 constitueretur
1127 947 1189 978 pro
1204 935 1312 969 fundo
1333 933 1574 970 Anniversarii
1593 933 1702 970 Locus
1717 933 1853 972 Montis

392 981 477 1016 scut.
498 989 575 1026 127.
591 1008 599 1022 ,
625 981 712 1027 quod
731 981 901 1027 reliquum
918 982 963 1017 est
976 981 1181 1017 haereditatis
1193 993 1312 1026 nempe
1327 981 1411 1017 scut.
1423 985 1503 1021 638.
1520 988 1580 1028 67.
1596 979 1675 1016 esset
1688 992 1752 1029 pro
1765 983 1855 1023 mul-
1874 995 1885 999 ’-

392 1028 516 1072 tiplico
532 1051 542 1064 ‚
568 1029 656 1073 quod
671 1028 775 1063 etiam
792 1030 981 1074 augendum
997 1028 1081 1063 esset
1092 1030 1209 1075 pretio
1224 1029 1399 1064 hortorum
1412 1055 1423 1070 ‚
1452 1029 1483 1062 &
1499 1028 1709 1069 creditorum
1725 1055 1735 1069 ‚
1750 1029 1773 1064 fi
1784 1028 1854 1075 qua

394 1072 561 1108 vindicari
585 1084 770 1120 poterunt,
797 1086 870 1120 quae
883 1101 894 1115 ,
919 1084 957 1111 ut
970 1076 1116 1111 diximus
1131 1101 1141 1114 ,
1167 1076 1317 1112 indivisa
1334 1077 1406 1111 sunt
1420 1075 1599 1111 haetenus.
1616 1075 1770 1123 Rogatus
1786 1077 1853 1113 fuit

395 1120 691 1157 Eminentistimus
715 1122 889 1159 Proteoor
901 1123 1045 1159 Ordinis
1058 1149 1069 1163 ,
1093 1133 1131 1159 ut
1143 1124 1185 1159 de
1202 1123 1252 1158 his
1264 1123 1419 1167 precibus
1432 1123 1535 1158 animi
1550 1121 1600 1161 sui
1614 1121 1852 1160 sententiam...

394 1167 566 1214 proferret
582 1194 593 1208 ,
608 1181 712 1215 quam
725 1181 796 1206 rem
811 1180 1002 1216 exequutus
1018 1170 1064 1206 est
1077 1172 1170 1207 dona
1188 1170 1340 1216 Epistula
1354 1197 1364 1211 ,
1391 1182 1456 1218 qua
1480 1169 1595 1207 censet
1615 1172 1771 1216 precibus
1784 1170 1851 1210 effe

394 1216 610 1252 annuendum
628 1243 638 1256 ,
664 1216 743 1263 quia
758 1218 839 1253 licet
857 1229 875 1252 e
891 1217 1032 1265 Legatis
1047 1218 1116 1254 Piis
1130 1218 1287 1254 Falcidia
1315 1229 1382 1253 non
1401 1220 1597 1259 detrahatur
1621 1243 1632 1256 ,
1651 1216 1685 1252 id
1708 1226 1852 1259 tamen-..p

393 1261 507 1297 locum
528 1275 598 1299 non
615 1265 761 1306 habeat,
789 1264 844 1300 ubi
862 1265 972 1301 Locus
987 1265 1067 1307 Pius
1079 1268 1185 1305 haeres
1199 1266 1237 1300 sit
1254 1292 1264 1306 ,
1290 1275 1330 1301 ut
1358 1264 1491 1312 placuit
1503 1264 1639 1301 Abbat-
1664 1268 1699 1301 in
1723 1274 1795 1313 cap.
1816 1269 1852 1308 in

388 1312 570 1356 praesentia
584 1323 731 1352 num.37.
744 1315 782 1348 de
792 1313 933 1360 probat.
950 1317 1132 1359 Peregrin.
1149 1317 1186 1350 de
1200 1313 1404 1354 fideicomm.
1422 1316 1525 1349 artic.
1542 1323 1569 1352 3.
1599 1319 1750 1354 num.69.
1765 1319 1852 1350 Fon-

392 1358 519 1394 tanell.
540 1361 579 1394 de
589 1362 682 1406 pact.
698 1369 791 1407 nupt.
815 1361 919 1404 claus.
933 1363 967 1396 6⁰
982 1362 1107 1406 glofig.
1122 1369 1373 1408 numam-part.
1394 1370 1426 1401 ς,
1441 1359 1583 1404 aliisque
1598 1383 1608 1398 ‚
1633 1359 1850 1406 praesertinL,

392 1415 474 1438 curn
491 1404 658 1453 Legatum
671 1406 771 1442 Pium
785 1406 891 1449 majus
906 1407 953 1441 est
978 1407 1201 1448 haereditate,
1227 1416 1266 1444 ut
1297 1405 1425 1442 disserit
1451 1409 1591 1443 Tondut.
1622 1408 1720 1450 resol.
1748 1409 1854 1449 civil,

391 1460 466 1498 cap.
486 1462 536 1492 13.
551 1464 639 1488 num.
658 1464 712 1488 10.
727 1479 738 1492 ,
760 1453 959 1499 &legatum
983 1455 1170 1501 multiplici
1193 1455 1357 1490 collatum
1371 1455 1411 1490 fit
1437 1454 1472 1491 in
1500 1461 1634 1498 tempus
1647 1461 1822 1489 remotum
1839 1481 1849 1495 ‚

391 1509 472 1549 cum
493 1499 532 1534 de
545 1499 816 1541 Canonizatione
831 1499 868 1536 B.
884 1501 1038 1548 Philippi
1051 1503 1169 1544 Jacobi
1188 1501 1323 1538 Bertoni
1341 1503 1393 1551 agi
1408 1513 1474 1538 non
1492 1500 1593 1547 poflit
1607 1528 1618 1542 ,
1640 1499 1702 1539 mfi
1719 1500 1790 1545 post
1803 1502 1850 1537 st-

388 1546 490 1582 mtles
505 1546 591 1583 alias
609 1548 738 1584 Causas
752 1549 898 1592 ejusdem
912 1549 1052 1585 Ordinis
1067 1576 1075 1586 .
1094 1549 1185 1585 Illud
1215 1550 1321 1586 etiam
1345 1550 1512 1586 accedere
1527 1575 1537 1588 ‚
1568 1549 1658 1594 quod
1671 1575 1681 1588 ‚
1706 1547 1728 1582 fi
1751 1548 1848 1589 secus

387 1591 449 1628 fiat
463 1620 472 1633 ‚
499 1594 635 1632 inutilis
651 1596 732 1632 esset
747 1595 919 1632 institutio
935 1596 1058 1643 scripta
1073 1598 1110 1632 in
1124 1606 1218 1643 parte
1233 1596 1443 1634 haereditatis
1459 1623 1468 1635 ,
1499 1606 1598 1642 quam
1613 1595 1777 1630 Testator
1790 1598 1846 1631 da-

387 1652 427 1676 re
443 1642 556 1678 voluit
580 1643 692 1681 libera
707 1671 717 1685 ,
743 1647 783 1680 ed
803 1645 946 1689 affoluta
960 1670 971 1684 ,
999 1647 1105 1689 senza
1132 1647 1232 1680 alcun
1256 1645 1333 1692 peso
1363 1667 1374 1678 .
1411 1644 1467 1679 De
1498 1641 1749 1679 Anniversario
1778 1654 1848 1686 non

387 1686 453 1723 effe
473 1690 704 1727 dubitandum
720 1717 731 1731 ,
752 1686 836 1729 ,cum‘
855 1692 919 1726 hoc
949 1691 1097 1738 praeferri
1121 1692 1242 1727 debeat
1268 1691 1465 1737 multiplico
1488 1704 1497 1726 t
1537 1700 1604 1726 non
1644 1689 1748 1725 aliam
1774 1691 1846 1737 igi-

385 1743 443 1769 tur
475 1735 539 1771 effe
567 1739 735 1773 rationem
759 1739 947 1784 exequendi
976 1740 1193 1774 voluntatem
1207 1738 1396 1773 Testatoris
1411 1765 1421 1778 ‚
1442 1750 1544 1786 quam
1568 1747 1643 1772 eam
1658 1762 1669 1776 ,
1696 1748 1772 1783 quae
1793 1750 1846 1774 aa

386 1782 546 1819 Patribus
557 1787 790 1831 proponitur.
815 1787 901 1823 ch
925 1785 1208 1821 Eminentiffimus
1223 1786 1421 1820 Ptotector:
1445 1785 1560 1820 eadem
1583 1794 1708 1832 urgent
1723 1783 1844 1825 Patres

387 1829 425 1864 in
442 1831 564 1866 libello
575 1858 584 1866 .
614 1833 830 1879 Respondete
843 1834 948 1878 igitur
960 1834 1086 1873 debent
1101 1832 1364 1868 Eminentiffimi
1389 1832 1507 1876 Patres
1523 1856 1534 1869 .
1627 1832 1630 1834 “

338 1876 400 1914 'An
414 1903 425 1917 ‚
459 1882 502 1915 Θ
519 1890 591 1925 quae
599 1884 779 1927 portiones
793 1879 1079 1923 detrahendaefint
1096 1883 1200 1928 snper
1213 1883 1398 1918 medietate
1423 1880 1637 1916 haereditatt's
1654 1881 1780 1917 reliaae
1799 1879 1843 1916 ab

386 1924 564 1962 ⁴Annibale
581 1931 722 1964 Bertoni
736 1928 904 1966 ‘Patribus
917 1953 929 1967 ,
953 1932 996 1964 Θ
1013 1931 1200 1965 conventui
1218 1935 1250 1965 S.
1266 1927 1430 1964 Marcelli
1451 1931 1489 1965 de
1506 1927 1595 1964 vrbe
1614 1936 1761 1975 tampro
1776 1928 1842 1964 hae-
1881 1962 1890 1972 ,.

386 1974 539 2008 reditate
555 1972 699 2018 ejusdem
716 1975 824 2015 libere
839 1984 1004 2021 tangente
1017 2000 1028 2014 ,
1053 1986 1154 2022 quam
1163 1985 1228 2024 pro
1246 1981 1370 2022 Legata
1384 1987 1457 2012 cum
1471 1988 1573 2012 onere
1582 1981 1839 2027 perpetuet-An-

388 2021 578 2069 niverscqrii
595 2044 605 2060 ‚
629 2034 730 2069 quam
750 2032 816 2070 pro
841 2024 1034 2069 multiplico
1044 2030 1111 2069 pro
1128 2026 1392 2060 canonizatione
1408 2025 1509 2060 Beati
1531 2022 1692 2070 ‘Philippi
1705 2022 1839 2068 *Jacobi

386 2072 525 2103 Bertonc
541 2068 584 2104 ab
597 2071 711 2105 eodem
728 2070 895 2113 Testarore
908 2072 1107 2106 demandato
1120 2094 1130 2109 ,
1144 2073 1187 2107 ἔα·
1197 2071 1301 2118 super
1322 2072 1437 2107 eadem
1452 2072 1636 2107 medietate
1648 2070 1838 2106 haeredica-

385 2118 435 2151 tis
451 2116 664 2153 detrahendae
681 2119 714 2152 in
726 2120 801 2161 casu
820 2123 896 2156 &ce
1624 2134 1627 2136 ’
1800 2146 1803 2148 v

431 2159 504 2196 Esse
527 2162 639 2200 locum
654 2163 856 2201 detractioni
870 2165 969 2201 unius
982 2164 1060 2202 ‘loci
1081 2163 1252 2200 montium
1267 2165 1300 2200 S.
1312 2163 1407 2200 Petri
1420 2173 1482 2211 pro
1507 2162 1765 2200 Anniversario
1778 2190 1788 2199 .

58 2254 133 2302 &effi
145 2265 199 2304 Ως.
213 2270 242 2296 c.
252 2267 307 2300 130
449 2256 692 2295 UXIMANA
701 2284 712 2298 ,
728 2260 812 2296 SEU
824 2259 1128 2297 RECINETEN.
1140 2257 1408 2298 FUNERUM3
1432 2257 1597 2301 Parochia
1608 2257 1739 2303 Montis
1750 2257 1837 2296 Cas-

32 2306 71 2340 de
87 2305 158 2352 Res.
459 2303 540 2339 fiani
555 2305 590 2340 in
603 2305 752 2352 quinque
764 2317 876 2352 partes
903 2308 1013 2344 divisa
1039 2306 1105 2345 est,
1130 2318 1232 2353 quam
1256 2306 1382 2343 Incolae
1408 2314 1531 2342 vocant
1554 2297 1741 2343 Senaides':
1768 2317 1836 2352 quo

380 2353 503 2396 majori
521 2353 571 2388 hae
591 2353 749 2391 Senaides
762 2354 871 2400 spatio
883 2355 1008 2391 distant
1024 2354 1065 2389 ab
1081 2352 1224 2390 Ecclefia
1240 2353 1432 2389 Parochiali
1446 2380 1456 2394 ,
1481 2352 1666 2391 sueverunt
1686 2352 1833 2389 Parochi

381 2400 419 2436 in
444 2400 595 2436 elatione
612 2412 790 2446 corporum
800 2403 993 2445 {hominum
1016 2411 1234 2440 mortuorum
1252 2402 1393 2448 exigere
1417 2400 1619 2448 stipendium
1643 2399 1776 2443 maius,
1797 2407 1834 2434 ut

381 2459 454 2493 quae
471 2448 604 2494 longius
618 2448 714 2485 distat
727 2449 806 2485 Pars
821 2450 876 2487 seu
888 2449 1049 2487 Senaides
1059 2475 1071 2495 ,
1095 2448 1224 2496 praestet
1235 2449 1358 2484 obulos
1372 2447 1620 2496 quinquaginta
1630 2473 1641 2486 ,
1659 2458 1733 2494 quae
1746 2459 1834 2494 pau-

382 2495 546 2532 lominus
567 2495 670 2532 distat
700 2497 835 2544 praestet
859 2498 1103 2547 quadraginta,
1133 2507 1238 2543 atque
1261 2496 1311 2531 ita
1328 2495 1490 2543 reliquae:
1516 2496 1550 2530 id
1580 2494 1744 2530 servatum
1768 2493 1834 2536 fuit

382 2540 531 2586 semper,
557 2543 625 2580 five
641 2542 845 2581 efferrentur
860 2557 1005 2592 corpora
1019 2571 1031 2585 ,
1051 2553 1089 2581 ut
1102 2545 1144 2580 ad
1157 2542 1343 2581 Ecclesiam
1360 2542 1600 2579 parochialem
1623 2542 1739 2592 irent?
1765 2540 1834 2577 sive

382 2588 603 2639 adeEcclesias
617 2590 840 2638 Regularium
851 2619 860 2629 .
884 2594 1098 2631 Diuturnam
1119 2592 1206 2627 hanc
1220 2590 1498 2628 consuetudinem
1515 2589 1667 2640 mutavit·
1678 2599 1811 2639 primus
1825 2613 1836 2633 ³

381 2645 543 2680 quinum:
558 2637 757 2674 Parochiam
772 2639 868 2676 illam
882 2641 1017 2678 obtinet
1034 2666 1045 2681 ,
1069 2640 1227 2676 Sacerdos
1243 2639 1396 2676 Annibal
1417 2637 1556 2673 Luzioli
1569 2662 1580 2677 ,
1609 2646 1667 2681 qui
1683 2635 1836 2677 arbitra-

379 2691 421 2717 tu
436 2679 494 2717 suo
511 2683 710 2728 stipendium
725 2687 811 2723 illud
839 2689 935 2725 auxit
962 2689 1089 2734 semper
1103 2715 1115 2729 ,
1136 2698 1215 2724 cum
1237 2696 1387 2738 corpora
1411 2682 1581 2719 efferenda
1606 2680 1711 2716 essent
1725 2707 1736 2721 ‚
1763 2693 1835 2727 (μικ-

382 2729 648 2771 tumulabantur
662 2732 700 2771 in
713 2732 867 2775 Ecciefiis
879 2735 1108 2785 Regularium
1124 2762 1137 2779 ,
1158 2746 1197 2774 ac
1207 2732 1393 2789 praesertim
1407 2732 1445 2770 in
1456 2729 1606 2768 Ecclesia
1622 2727 1836 2826 PPfflffgggq
