1978 3017
384 149 533 223 dignando
558 183 809 222 Mancinellio,
836 181 969 223 vetuit,
993 192 1036 216 ne
1059 181 1195 217 Sodales
1222 181 1432 218 discederent
1458 195 1468 217 ε
1497 181 1585 219 Falli
1610 184 1818 233 Episcopum
1836 218 1846 231 ‚

383 234 443 278 qui
458 232 609 267 Clericos
626 231 746 270 reiecit
762 256 772 269 ‚
798 230 828 265 δι
856 229 941 265 solos
964 230 1037 264 actu
1055 229 1255 265 Sacerdotes
1278 229 1411 264 adinvtti
1439 230 1573 269 voluit,
1598 242 1674 266 cum
1699 235 1794 272 aliud
1808 237 1848 273 fit

384 281 601 316 Prxbendam
615 276 679 313 effe
704 276 959 313 Sacerdotalem
974 303 986 317 ,
1015 276 1108 312 aliud
1123 287 1207 313 vero
1223 275 1306 312 solos
1325 278 1397 311 adiu
1413 277 1608 312 Sacerdotes
1623 279 1666 313 ad
1684 293 1757 316 eain
1783 286 1849 320 ad-

387 326 483 362 mitti
500 324 586 370 posse
602 352 611 364 ,
640 325 670 358 id
695 324 826 370 liquere
850 336 891 359 ex
913 321 1075 359 consensu
1102 323 1275 369 praestitoa
1296 322 1488 369 Capitulo,
1513 324 1544 358 ἃ
1568 324 1753 364 canonicis
1770 356 1780 370 ,
1806 333 1852 367 li.

386 385 492 420 quere
505 385 549 408 ex
566 371 809 410 consuetudine
832 370 1098 417 interpretativa
1114 371 1323 406 fundationis
1340 398 1348 410 ,
1377 370 1399 405 fi
1414 371 1494 406 esset
1508 372 1576 407 haec
1589 372 1692 408 dubia
1707 401 1715 414 ,
1732 378 1773 412 ⁷&
1789 383 1850 416 ob.
1908 374 1915 384 ¹

388 422 485 457 scura
502 447 510 460 ‚
539 420 668 466 liquere
683 431 724 454 ex
750 420 880 454 duobus
900 418 1031 453 ultimis
1057 418 1156 460 huius
1186 416 1349 453 Beneficii
1374 418 1533 459 statibus,
1558 431 1635 454 cum
1660 423 1849 466 praesentati

389 468 520 504 fuerint
536 470 600 503 duo
619 494 628 506 ‚
655 466 712 510 qui
726 465 888 511 [implices
910 465 1041 503 Clerici
1056 475 1151 500 erant
1172 495 1175 499 ,
1200 465 1284 500 Sunt
1297 466 1328 500 8<
1341 466 1410 503 alia
1424 493 1434 506 ,
1459 479 1532 512 qua:
1549 467 1680 503 addunt
1694 470 1853 514 sodales,

391 526 429 552 ut
448 514 632 551 monstrent
656 514 855 549 eleetionem
877 524 944 547 non
968 511 1246 559 poffelubstineri
1265 540 1274 553 ‚
1299 514 1329 547 &
1347 514 1517 549 nominari
1540 513 1630 560 posse
1652 517 1756 552 etiam
1770 520 1853 555 Cle-

391 564 483 600 ricos
498 588 506 596 .
536 562 595 596 Ab
617 559 807 607 Augustino
832 560 1022 597 Fantaroni
1038 586 1049 602 ‚
1070 570 1128 605 qui
1152 560 1276 596 ele-stus
1301 560 1367 599 fuit
1391 587 1402 602 ‚
1424 560 1512 596 nihil
1536 562 1714 600 habuimus
1729 592 1738 601 .
1765 568 1851 604 Duo

393 612 468 647 sunt
483 608 603 645 causi:
621 610 732 655 capita
746 631 758 644 .

348 660 378 696 I.
403 665 461 695 ‚An
486 658 609 693 clema
633 657 729 700 fam
759 659 795 692 in
808 658 984 703 personam
1009 658 1206 693 Sacerdotis
1224 657 1409 705 Augustini
1424 658 1852 703 Fantaronisubstineatur

538 707 571 739 in
588 716 623 739 ca
646 718 665 739 u
681 710 755 740 (rc.
772 703 802 737 δι
829 713 993 750 quatenus
1006 703 1212 739 affirmative
1230 727 1241 738 .

351 753 397 790 11.
421 759 480 790 An
494 753 673 795 infuturis
685 752 928 787 vacationibus
937 761 1002 798 per
1019 753 1341 795 confraternitatem
1357 756 1389 786 S.
1402 751 1599 797 Georgeifit
1610 755 1856 796 deveniendum

541 801 583 835 ad
596 800 859 834 nominationem
885 798 1127 842 etiamfavore
1153 797 1357 834 clericorum
1372 801 1407 833 in
1431 801 1506 842 casu
1519 803 1594 836 &a

448 896 574 933 Dilata
588 920 598 935 ,
624 894 655 929 &
671 893 715 929 ad
730 893 886 929 Mentem
899 919 909 929 .

65 992 153 1035 Sess.
165 997 222 1023 22.
242 1001 271 1024 c.
282 986 317 1022 6.
460 988 704 1025 ERUNDEN
745 989 1007 1026 BENEFlCll:
1033 990 1089 1025 Ad
1113 989 1235 1025 Altare
1250 988 1282 1023 B.
1302 989 1420 1027 Maria:
1449 990 1644 1034 Sam‘li‘ffi'mi
1669 994 1803 1039 Rosarii
1825 996 1861 1033 in

40 1043 78 1078 de
95 1038 166 1084 Res.
472 1035 617 1073 Ecclesia
634 1038 824 1071 Parochiali
839 1040 871 1075 S.
890 1038 1069 1073 Laurentii
1086 1037 1265 1073 Morrunii
1288 1036 1496 1084 Urgellenfis
1520 1038 1715 1075 Dioeceseos
1731 1041 1863 1078 Benefi-

400 1087 493 1122 cium
507 1083 666 1119 fundavit
682 1094 771 1117 anno
790 1096 870 1124 1501
908 1086 982 1131 pius
997 1083 1160 1119 Sacerdos
1175 1084 1384 1131 Augustinus
1408 1085 1528 1121 Postlis
1541 1112 1551 1124 ,
1573 1085 1752 1124 reservato
1772 1090 1864 1133 ejus-

402 1135 476 1168 dem
497 1128 655 1166 Beneficii
671 1130 860 1168 Patronatu
875 1131 1134 1178 consanguineis
1150 1131 1215 1167 suis
1230 1156 1241 1170 ,
1267 1134 1296 1166 dt
1313 1133 1489 1168 nominato
1501 1132 1534 1166 se
1548 1133 1617 1178 ipso
1632 1136 1741 1180 primo
1755 1137 1865 1173 Bene-

401 1181 539 1217 ficiato;
566 1178 664 1213 Onus
678 1187 796 1213 autem
809 1181 900 1215 dedit
920 1178 1135 1214 Beneficiatis
1148 1179 1309 1215 omnibus
1325 1181 1447 1226 agendi
1460 1189 1640 1226 quotannis
1657 1183 1795 1219 Sacrum
1809 1186 1865 1221 die

402 1227 502 1264 Festo
516 1227 547 1260 S.
566 1224 744 1271 Augustini
769 1224 936 1263 I'itularis
949 1225 1108 1261 Beneficii
1123 1251 1133 1264 ,
1159 1227 1354 1273 addiditque
1368 1254 1378 1267 ‚
1403 1237 1441 1262 ut
1454 1226 1647 1263 interessent
1661 1254 1686 1268 ,‚
1707 1234 1866 1268 omnibus

403 1301 427 1316 ‚‚
452 1275 547 1310 horis
561 1271 695 1308 diurnis
707 1297 716 1311 ,
750 1273 782 1308 &
801 1273 973 1310 nocturnis
988 1301 999 1316 ‚
1025 1284 1062 1309 ut
1074 1274 1189 1308 caeteri
1207 1273 1406 1310 Beneficiati
1421 1274 1586 1309 intersunt
1602 1302 1610 1311 .
1635 1279 1738 1313 Dotis
1752 1283 1867 1315 nomi-

403 1350 427 1365 ‚‚
454 1336 493 1359 ne
509 1323 540 1357 h·
556 1323 586 1356 ic
601 1320 761 1363 Beneficio
774 1323 955 1370 affignavit
965 1324 1143 1357 ducentum
1155 1322 1350 1368 octuaginta
1363 1322 1462 1356 libras
1485 1321 1685 1359 Barcinonae
1698 1348 1709 1362 ,
1734 1325 1867 1363 lcili'cet

403 1397 427 1411 ‚,
454 1368 711 1414 quatuordecim
730 1368 835 1404 libras
850 1372 883 1404 in
901 1381 1012 1404 annua
1039 1368 1250 1416 praestatione
1266 1395 1277 1408 ,
1300 1370 1333 1404 &
1347 1368 1445 1404 dictas
1467 1369 1651 1404 ducentum
1672 1373 1866 1419 oduaginta

404 1442 430 1458 „
456 1415 562 1450 libras
579 1415 612 1449 in
629 1415 739 1460 pretio
753 1442 763 1455 ‚
789 1418 820 1452 ὅ(
837 1420 1047 1464 proprietate
1063 1415 1229 1451 censualis
1245 1417 1372 1452 mortui
1385 1427 1502 1452 annua:
1517 1416 1688 1463 penlionis
1702 1430 1868 1465 quatuor-

404 1489 430 1505 „
452 1463 562 1498 decim
576 1462 739 1498 librarum
753 1486 765 1497 .
792 1470 886 1499 Hanc
899 1464 1298 1507 Benefiriifhndationem
1309 1463 1479 1508 probavit
1491 1465 1671 1511 episcopus
1686 1488 1695 1503 ,
1718 1470 1780 1512 qvi
1791 1481 1866 1504 eam

403 1538 428 1552 ,‚
452 1512 562 1556 legem
577 1510 729 1555 adjecit,
756 1521 794 1546 ut
809 1510 1036 1548 beneficiatus
1056 1539 1065 1551 ‚
1091 1511 1174 1546 licet
1187 1510 1359 1545 interesset
1385 1509 1526 1546 Divinis
1553 1510 1684 1546 Officiis
1710 1513 1840 1550 diurnis
1857 1541 1868 1556 ‚

405 1584 430 1600 „
454 1558 487 1594 δι
502 1557 672 1593 ηοὲῖυῐηὶς
687 1585 697 1598 ,
719 1570 792 1603 qua:
811 1559 932 1594 affidue
957 1560 1174 1594 celebrantur
1188 1557 1223 1592 in
1237 1558 1265 1591 d.
1286 1557 1431 1593 Ecclelia
1457 1557 1547 1592 nihil
1564 1557 1734 1604 reciperet
1749 1572 1791 1594 ex
1817 1561 1868 1596 di-

405 1632 430 1646 „
456 1605 715 1640 stributionibus
728 1606 956 1650 quotidianis,
986 1618 1059 1651 quae
1087 1605 1297 1653 Presbyteris
1312 1633 1321 1643 ‚
1346 1604 1593 1651 cappellanis,
1617 1605 1649 1639 ὅ(
1677 1605 1868 1643 Beneficia-

406 1679 430 1694 „
455 1662 498 1687 tis
510 1651 605 1687 dictae
623 1652 777 1689 Eccleliae
790 1654 886 1689 dietis
905 1653 1039 1688 Officiis
1054 1652 1328 1689 interessentibus
1347 1651 1455 1688 solent
1471 1652 1591 1698 largiri
1607 1675 1619 1687 .

359 1700 435 1738 Post
447 1700 517 1736 duo
542 1698 661 1735 saecula
688 1701 730 1734 ab
746 1700 809 1735 hac
832 1702 1035 1736 fundatione
1061 1701 1255 1737 Franciscus
1273 1698 1391 1735 Postlis
1408 1701 1575 1734 Patronus
1598 1709 1713 1744 preces
1737 1701 1870 1737 obtulit

404 1746 580 1793 superiore
601 1758 693 1781 anno
706 1748 935 1782 Sacratislimo
951 1748 1101 1791 l’rincipi
1126 1748 1239 1782 nostro
1254 1774 1265 1787 ,
1291 1747 1416 1793 quibus
1430 1745 1619 1792 postulabat
1633 1774 1643 1787 ,
1670 1757 1707 1782 ut
1723 1747 1785 1783 hoc
1799 1748 1869 1784 Be-

405 1793 565 1830 neficium
580 1793 637 1828 vel
654 1793 689 1828 in
704 1792 844 1840 simplex
854 1804 1074 1830 converteret
1088 1806 1165 1829 cum
1183 1805 1284 1830 onere
1297 1803 1428 1829 tantum
1441 1798 1561 1840 agendi
1578 1794 1719 1830 Sacrum
1737 1797 1790 1831 die
1805 1797 1867 1831 Fe-

407 1841 456 1876 sto
468 1841 574 1875 Sancti
598 1840 766 1876 titularis
782 1865 788 1877 ‚
814 1843 871 1876 vel
888 1843 999 1877 uniret
1013 1842 1088 1876 aliis
1104 1839 1276 1877 Beneficiis
1291 1868 1298 1878 ,
1327 1850 1364 1876 ut
1376 1841 1416 1876 de
1434 1839 1645 1887 quotidianis
1656 1842 1868 1878 distr-'butio-

408 1888 507 1922 nibus
526 1885 751 1923 Beneficiatus
766 1889 933 1934 particeps
958 1887 1022 1923 ess'e
1035 1887 1138 1934 poffet
1155 1916 1165 1929 ,
1189 1900 1268 1924 cum
1280 1888 1327 1923 ob
1350 1887 1441 1923 illius
1465 1887 1670 1924 tenuitatem
1695 1889 1867 1925 recusare-

407 1944 461 1970 tur
478 1936 520 1970 ab
539 1935 696 1971 omnibus
711 1958 722 1969 .
751 1935 843 1971 Data
863 1935 926 1971 fuit
939 1936 978 1970 de
994 1937 1055 1969 bac
1078 1936 1301 1980 postulatione
1324 1934 1480 1982 cognitio
1506 1935 1732 1980 Ampliflimis
1753 1936 1867 1972 Patri-

407 1984 490 2018 bus.
521 1983 670 2018 Auditus
688 1981 868 2027 Episcopus
891 1983 1063 2029 respondit
1076 1984 1209 2019 nullum
1222 1982 1321 2022 ess‘e„
1347 1982 1404 2030 qui
1430 1994 1516 2018 onus
1540 1982 1730 2019 residentiae
1757 1984 1868 2019 lubire

407 2055 431 2072 2,
457 2029 566 2065 vellet
581 2041 658 2066 cum
672 2029 743 2065 solo
765 2032 906 2075 praemio
924 2032 1110 2066 reddituum
1126 2029 1253 2072 praefati
1272 2027 1458 2069 Beneficii,
1479 2029 1538 2077 qui
1552 2029 1647 2072 juxta
1673 2031 1867 2067 modernam

407 2103 433 2117 „
457 2077 665 2113 censualium
681 2076 908 2113 reductionem
922 2078 962 2111 ad
978 2079 1078 2112 libras
1104 2088 1153 2113 12.
1171 2086 1310 2112 moneta:
1326 2077 1520 2112 Barcinonae
1535 2078 1594 2112 vix
1606 2076 1808 2118 ascendunt,
1833 2080 1867 2114 ὅτ

408 2150 433 2166 ,,
455 2124 532 2160 sunt
562 2126 646 2160 adeo
659 2124 831 2170 exiguiad
855 2124 1153 2160 substentationem
1171 2123 1369 2160 Benefic'ati
1386 2151 1396 2164 ,
1420 2134 1532 2159 utnec
1555 2125 1716 2160 octavam
1730 2126 1867 2170 quidem

409 2198 434 2213 ,‚
459 2172 665 2207 constituant
683 2181 815 2216 partem
827 2183 987 2219 congruae
1002 2172 1158 2218 rigorose
1173 2172 1317 2207 cuilibet
1338 2170 1482 2218 simplici
1497 2170 1689 2209 Sacerdoti,·
1705 2171 1866 2218 suamque

407 2219 546 2253 demum
561 2219 760 2254 sententiam
775 2219 958 2255 secundum
977 2219 1163 2254 Patronum
1177 2220 1326 2265 aperuit.
1354 2218 1487 2254 Placuit
1507 2226 1624 2252 tamen
1638 2218 1866 2255 Eminentissi-

406 2267 476 2301 mis
493 2265 645 2301 Patribus
661 2267 713 2301 die
739 2276 790 2305 30.
806 2266 960 2302 transasti
974 2266 1099 2301 Mensis
1111 2266 1193 2307 Julii
1211 2265 1418 2301 rescribere:
1444 2267 1579 2301 LeHJJm
1594 2291 1603 2306 ,
1626 2271 1668 2303 Θ
1683 2268 1866 2302 haeredita-

408 2322 479 2349 tem
496 2317 609 2349 teneri
623 2316 664 2348 ad
678 2315 950 2360 fitpplementnm
965 2336 975 2346 .
999 2313 1099 2348 Redit
1114 2325 1206 2348 nunc
1229 2312 1426 2348 Franciscus
1445 2311 1485 2346 ad
1507 2312 1644 2348 Sacrum
1668 2312 1837 2348 Tribunal
1852 2338 1865 2353 ‚

409 2360 441 2396 δι
456 2359 548 2395 addit
563 2360 696 2406 impleri
711 2372 777 2395 non
791 2360 884 2408 poss'e
899 2360 1054 2406 rescripti
1071 2370 1220 2395 mentem
1234 2387 1244 2401 ‚
1270 2371 1346 2395 cum
1369 2360 1658 2396 vehemenuffima
1679 2360 1740 2395 fint
1763 2371 1864 2407 argu-

407 2417 547 2446 menta,
569 2407 740 2443 &indicia
768 2411 995 2443 Fundatorem
1020 2407 1107 2442 nihil
1121 2408 1211 2443 aliud
1226 2409 1258 2443 in
1283 2407 1380 2443 bonis
1393 2407 1457 2442 suis
1482 2405 1660 2447 habuisse,
1686 2408 1718 2442 δι
1741 2406 1865 2442 funda-

407 2455 514 2490 tionis
529 2482 538 2495 ,
561 2456 592 2490 ἃ
607 2454 725 2490 mortis
750 2465 923 2500 tempore,
951 2466 1051 2502 quain
1066 2456 1127 2489 hoc
1154 2456 1205 2498 jus
1223 2455 1337 2491 census
1355 2480 1366 2494 ‚
1392 2466 1492 2502 quem
1506 2453 1540 2488 in
1564 2454 1678 2490 dotem
1705 2452 1866 2489 Beneficii

407 2502 581 2538 constituit
593 2529 603 2542 ,
624 2504 656 2538 &
671 2503 704 2536 in
721 2512 816 2538 tanta
833 2505 992 2548 temporis
1016 2503 1217 2548 antiquitate
1240 2502 1415 2549 ignorari,
1446 2501 1503 2536 ubi
1518 2512 1596 2537 nam
1611 2502 1765 2549 gentium
1779 2500 1841 2536 sint
1854 2527 1865 2540 ,

405 2547 429 2583 fi
444 2561 506 2594 qua
519 2561 668 2596 unquam
684 2549 741 2585 ilfe
755 2550 901 2590 habuit,
928 2552 1013 2584 bona
1028 2576 1038 2592 ,
1058 2551 1090 2584 8(
1102 2562 1218 2596 aquo,
1241 2550 1401 2596 quibusve
1414 2547 1643 2595 poflideantur
1655 2575 1666 2588 ‚
1692 2548 1782 2583 itaut
1795 2560 1867 2584 non

407 2596 477 2630 alia
493 2596 645 2642 suppetat
658 2597 745 2632 ratio
761 2625 771 2636 ‚
799 2607 836 2632 ut
860 2596 1069 2633 Beneficium
1083 2596 1260 2633 consistere
1273 2598 1372 2642 potiit
1384 2621 1396 2635 ,
1416 2607 1517 2645 quam
1531 2607 1602 2642 quae
1615 2595 1784 2642 propofita
1799 2595 1867 2631 fuit

408 2642 444 2677 in
458 2642 530 2683 ejus
548 2644 699 2688 precibus
715 2668 726 2679 .
756 2644 914 2681 Dubium
928 2644 974 2679 est
987 2669 998 2679 .

359 2689 473 2733 Ansic
486 2691 718 2733 consulendum
747 2694 919 2740 ssffiopro
943 2696 1208 2731 commutatione
1230 2692 1389 2735 Beneficii
1403 2697 1438 2730 in
1453 2691 1530 2736 casu
1553 2693 1650 2739 &cff-

452 2782 534 2820 Nori
557 2782 750 2831 proposita.
1731 2831 1743 2868 Ι
1769 2832 1803 2868 N
