1977 3028
573 120 649 158 ET
689 120 1248 160 RESOLUTIONUM.
1698 131 1744 166 93

112 179 179 212 hoe
198 172 420 208 Tribunalin
448 171 667 217 fulginatem
699 175 884 207 Matrimo—

110 229 159 260 nic
173 232 196 268 p
227 222 358 256 610ῠί
380 218 547 263 rescripsit
562 219 716 254 constare
733 219 773 254 de
786 219 885 265 spon-

60 270 62 278 '
111 269 241 306 salibus
257 296 266 309 ,
295 269 327 303 &
341 270 479 313 nuptias
494 265 559 301 effe
574 271 789 314 exequendas
802 292 811 301 .

71 318 356 364 Impedimentum
397 314 705 361 consanguinitatis
744 313 780 348 in
806 326 883 349 ma-

116 364 291 401 trimoniis
328 375 373 398 ex
415 361 525 397 Bullis
576 359 786 396 Pontificum
837 361 882 396 ad

112 422 281 460 quartum
307 409 451 457 gradum
476 408 641 444 inclusive
667 407 731 443 suit
768 407 881 444 restri-

118 463 209 496 ctum
228 486 235 494 .
258 469 295 506 p.
309 465 366 493 62.
382 455 416 501 ξ.
439 459 656 503 ,Αῐμίίανίε
678 460 712 492 in
723 459 837 503 princ.

160 508 269 554 Qod
285 503 576 549 impedimentum
589 514 657 538 non
671 502 777 538 solum
791 514 883 550 prae-

116 556 211 601 pedit
225 564 267 587 ne
282 551 541 587 matrimonium
555 551 783 586 contrahatur
796 575 806 589 ,
827 551 882 585 sed

118 601 333 637 contradam
348 599 480 634 dirimit
493 623 503 638 ,
529 598 635 634 etiam
648 597 671 632 fi
685 600 776 634 bona
792 596 860 632 fide
871 624 882 638 ,

117 648 448 695 &impedimentum
469 648 666 692 ignorantes
682 645 769 681 illud
792 656 881 681 con-

76 713 81 725 ι
117 696 296 732 traxerint
310 718 322 730 .
347 695 432 730 [bid.
447 699 540 731 circa
555 697 641 730 med.

181 744 306 790 Neque
343 753 387 777 ex
421 742 614 779 concubitu
660 741 885 777 ratihabitum

118 790 190 828 dici
209 788 318 837 potest
333 791 594 826 matrimonium
608 816 617 832 ,
642 791 731 836 quod
743 790 778 825 in
793 789 885 826 radi-

119 849 159 874 ce
173 838 309 873 nullum
323 837 391 873 fuit
405 862 416 873 .
440 839 528 874 thid.

162 886 257 932 Qae
270 885 308 919 sit
334 885 524 920 differentia
553 885 640 920 inter
660 885 884 930 impedimen-

118 943 194 969 tum
216 934 393 968 occultum
407 960 419 974 ,
443 934 477 968 &
491 933 620 967 secrete
641 943 659 966 a
680 934 882 978 conjugibus

118 982 237 1017 delato
261 980 624 1016 Sac,Poenitentiariae
640 1005 650 1018 ,
675 980 708 1014 &
723 981 882 1027 impedi-

120 1038 309 1065 mentuma
328 1028 484 1073 pluribus
509 1028 712 1074 congnitum
727 1052 737 1066 ‚
762 1030 796 1062 ὅ(
816 1028 882 1064 de-

122 1078 227 1112 latum
243 1077 283 1110 ad
299 1074 442 1110 Curiam
457 1075 686 1121 Episcopalem
701 1101 712 1116 ,
736 1074 882 1121 indeque

118 1126 159 1158 ad
191 1122 377 1159 Datariam
410 1122 652 1170 Apostolicam
678 1148 688 1162 ,
728 1122 814 1158 Ibid.
840 1129 884 1160 <⁷5⁶

56 1200 62 1204 .
110 1183 149 1218 p.
166 1171 227 1206 62.
246 1170 281 1218 ᾧ.
296 1174 358 1206 Sed
372 1184 427 1206 res
446 1175 605 1219 inprinc-

170 1218 212 1253 Et
225 1218 305 1265 quid
330 1220 408 1254 inde
431 1218 594 1266 sequatur
608 1244 616 1253 .
633 1226 671 1266 p.
686 1223 746 1252 62·
765 1217 802 1264 ξ.
822 1219 885 1253 Sed

122 1278 180 1302 res
194 1269 287 1302 circa
301 1268 389 1302 med.

72 1312 176 1350 Bulla
211 1313 464 1358 dispensationis
496 1313 547 1347 nil
569 1313 662 1349 aliud
686 1312 733 1347 est
757 1339 766 1352 ,
789 1323 891 1359 quam

119 1363 319 1397 mandatum
358 1361 566 1407 dispensandi
606 1387 617 1400 ,

114 1407 328 1455 conjugibus
366 1409 495 1444 iterum
524 1408 746 1444 contrahendi
771 1421 782 1446 ;
817 1420 886 1443 non

117 1466 204 1492 vero
217 1455 424 1502 approbatio
437 1457 650 1492 matrimonii
666 1481 675 1495 ‚
698 1458 786 1502 quod
811 1456 886 1490 ilii-

119 1502 192 1539 cite
205 1530 216 1544 ,
243 1505 274 1538 &
293 1503 443 1540 invalide
454 1506 661 1540 contractum
673 1503 756 1539 fuit.
773 1509 882 1551 p.62.

122 1553 156 1592 §.
175 1553 240 1587 Sed
258 1563 314 1587 res
332 1556 366 1588 in
375 1555 488 1600 princ.

168 1598 213 1632 Et
226 1597 304 1633 ideo
321 1598 346 1633 fi
359 1600 523 1647 conjuges
547 1599 678 1635 servata
697 1599 805 1634 forma
823 1597 885 1632 de·

119 1645 426 1681 cretiConciliaris
452 1647 653 1682 consensum
682 1659 752 1682 non
777 1658 882 1682 reno-

114 1702 202 1729 vent
215 1704 327 1728 coram
342 1692 514 1736 Parocho,
540 1697 572 1730 ἃ
597 1694 758 1729 Testibus
782 1718 790 1732 ‚
815 1704 887 1727 ma-

120 1741 323 1776 trimonium
338 1742 472 1776 nullum
492 1742 730 1777 convalescere
743 1753 811 1776 non
824 1753 886 1786 po-

119 1787 208 1827 test,
234 1788 317 1823 licet
343 1788 520 1834 impetrata
551 1789 655 1824 fuerit
684 1789 886 1834 Apostolica

121 1835 351 1881 dispensatim
370 1848 446 1871 cum
458 1836 558 1882 poffit
573 1837 740 1871 alteruter
753 1848 793 1870 ex
808 1847 888 1871 con-

121 1883 263 1929 iugibus
279 1883 347 1918 five
362 1892 441 1918 ante
453 1911 463 1924 ,
488 1883 558 1919 ¹five
574 1883 645 1928 post
671 1884 889 1928 impetratam

120 1930 412 1976 dispensationem
424 1931 596 1978 poenitere
612 1958 620 1970 ,
648 1932 679 1966 &
706 1931 791 1966 liber
811 1941 890 1966 eva·

119 1977 185 2014 det
210 1977 237 2012 fi
262 1978 418 2024 praestare
435 1980 524 2014 nolit
550 1977 776 2014 consensum.
801 1978 888 2014 Ibid.

123 2028 165 2062 -in
174 2024 236 2067 fin.

171 2074 261 2120 Qae
279 2073 398 2110 omnia
418 2075 622 2111 confirmata
655 2073 795 2110 fuerunt
822 2075 889 2109 itu,

125 2121 258 2157 YMontls
282 2123 410 2167 Falisci
441 2125 643 2158 'Nullitatis
669 2120 887 2157 Matrimonii

122 2176 163 2215 p.
171 2170 221 2204 61.
234 2181 307 2204 cum
316 2170 387 2217 seq.
399 2171 457 2205 ubi
473 2169 664 2206 resolutum
677 2168 745 2204 fuit
759 2168 890 2205 consta-

133 2224 170 2248 re
184 2214 226 2266 de
238 2216 400 2252 nullitate
428 2217 673 2257 Matrimonii,
698 2218 732 2252 8<
749 2227 785 2266 p.
806 2223 892 2258 69.,

131 2262 193 2296 ubl
208 2263 241 2297 in
252 2263 524 2310 repropo'litione
541 2265 690 2308 ejusdem
702 2264 810 2300 causat:
839 2275 892 2298 re-

135 2308 290 2355 sponsum
303 2311 368 2348 fuit
383 2312 418 2348 in
432 2313 570 2356 decifis‚
594 2317 638 2349 &⁸
655 2314 805 2360 amplius
819 2335 830 2346 .

81 2355 260 2392 Paroclius
280 2359 393 2405 potest
408 2361 509 2396 alteri
534 2360 709 2394 Sacerdoti
730 2359 894 2405 delegare

134 2404 348 2449 praesentiam
361 2407 397 2443 in
411 2406 644 2444 matrimoniis
652 2413 755 2455 p.5·6.
769 2406 801 2454 ᾧ.
819 2413 896 2440 cum

134 2455 248 2498 igitur
263 2457 421 2501 inprinc-

89 2496 383 2548 Matrimoniumq
391 2515 431 2537 ue
445 2515 561 2539 coram
573 2504 755 2538 Sacerdote
765 2512 783 2535 a
794 2501 897 2536 Paro-

135 2547 200 2583 cho
213 2549 323 2583 eiecto
340 2551 548 2586 celebratum
564 2549 777 2596 approbavit
792 2549 899 2584 Sacra

981 171 1134 215 quicum
1159 170 1259 209 aliis,
1284 167 1449 203 Testibus
1471 174 1602 202 certam
1627 166 1744 202 reddat

982 218 1168 254 Ecclesiam
1184 244 1193 257 ,
1213 220 1302 252 hunc
1330 243 1340 256 ,
1363 226 1467 262 atque
1492 215 1591 250 illam
1619 215 1744 250 matri·

980 277 1136 353 mon'mg'l
1151 263 1356 299 contraxisse
1371 287 1381 298 ο
1399 274 1436 311 p.
1451 269 1508 307 56.
1525 262 1561 309 ᾧ.
1579 270 1650 297 Cum
1669 266 1745 310 ige-

982 323 1040 348 tur
1053 325 1088 347 ln
1131 327 1162 347 n.

930 358 1195 397 Matrimonium
1209 360 1261 394 ,de
1286 359 1383 401 cujus
1408 357 1590 393 validitate
1612 356 1748 393 dubita-

978 410 1078 445 batur
1105 408 1150 441 ob
1179 406 1348 441 defectum
1384 405 1494 440 mutui
1527 405 1707 441 consensus
1734 433 1747 447 ,

979 467 1083 503 quem
1097 455 1270 490 Parochus
1297 465 1366 488 non
1396 451 1560 488 audivisse
1584 451 1748 489 asserebat

978 503 1133 539 validum
1155 529 1164 543 ‚
1180 503 1193 511 ²
1210 501 1415 548 firmumque
1443 511 1622 535 »remanere
1655 501 1747 545 juffit

979 553 1069 587 Sacr.
1097 549 1262 597 Songreg.
1288 551 1324 585 in
1354 550 1502 599 Nicien.
1528 551 1748 604 matrimony⁴

975 612 1001 648 p
1016 605 1059 635 ,6.
1073 611 1146 633 cum
1156 601 1227 645 seq.
1246 622 1257 635 ,
1282 604 1374 645 &2³⁶
1390 606 1446 637 44.

930 645 1056 682 Rector
1067 646 1194 681 sannae
1210 644 1327 679 Mariae
1338 645 1378 678 de
1394 642 1632 690 Longobardis
1645 643 1750 680 emit-

983 704 1059 730 tere
1083 692 1191 738 potest
1203 691 1485 727 denunciationes
1509 690 1752 728 matrimonio·

981 754 1059 778 rum
1074 743 1110 777 in
1128 741 1272 787 propria
1286 738 1433 775 Ecclesia
1455 738 1582 782 absque
1605 738 1750 775 licentia

982 787 1293 835 Archipresbyteri
1320 786 1499 822 Parochiae
1531 787 1565 820 S.
1608 785 1753 822 Niolai

982 836 1102 872 Terra:
1119 836 1286 871 Forentiae
1298 860 1308 874 ‚
1334 835 1368 870 in
1397 835 1560 878 Venusina
1569 843 1607 882 p.
1625 841 1679 868 16.
1705 838 1750 871 ad

981 890 1043 921 IV.
1056 884 1136 919 dubo

1028 932 1156 977 Neque
1170 943 1228 977 pro
1242 930 1338 966 diois
1353 930 1592 965 Matrimoniis
1607 930 1641 964 in
1659 929 1751 965 diffla

979 977 1129 1013 Ecclesia
1148 979 1274 1014 Sanctae
1298 979 1418 1014 Maria:
1441 977 1690 1012 contrahendis
1707 978 1753 1012 li-

978 1026 1074 1061 cebit
1089 1026 1406 1072 Archipresbytero
1431 1026 1589 1070 praedicto
1611 1024 1750 1070 aliquid

981 1074 1119 1120 exigere
1134 1097 1145 1108 .
1172 1076 1260 1108 Ibid.
1272 1077 1315 1107 ad
1329 1080 1370 1109 V.
1385 1074 1463 1109 dub.

934 1120 1160 1165 Dispensatio
1174 1120 1271 1165 super
1290 1120 1533 1172 impedimento
1557 1120 1655 1155 tertii
1670 1129 1752 1154 con-

981 1168 1223 1214 sanguinitatis
1238 1168 1360 1214 gradus
1374 1180 1409 1203 in
1440 1168 1674 1203 Matrimonio
1688 1167 1754 1208 jam

980 1218 1157 1251 contracto
1175 1216 1360 1261 impetrata
1375 1215 1442 1251 fuit
1455 1216 1492 1250 in
1509 1223 1670 1261 Bosa-nen.
1685 1218 1755 1260 ais-

977 1266 1194 1312 pensationis
1215 1290 1224 1303 ,
1253 1269 1293 1300 (ἓν
1309 1264 1515 1311 sponsalium
1530 1273 1565 1310 p.
1583 1276 1612 1298 t.

1045 1310 1187 1345 MJSSA
1214 1309 1618 1345 CONVENTUALIS
1631 1337 1640 1344 .

661 1361 715 1396 seu
745 1360 890 1395 facultas
940 1360 1076 1397 Sacrum
1091 1358 1339 1393 Conventuale
1354 1358 1451 1392 ficuti
1476 1359 1593 1404 agitur
1607 1368 1668 1403 pro
1691 1358 1756 1393 be-

985 1405 1216 1441 nefaooribus
1235 1406 1377 1440 incertis
1395 1432 1405 1445 ,
1432 1407 1460 1440 δι
1480 1416 1621 1452 quorum
1649 1404 1756 1452 periit

983 1454 1177 1491 memoriam
1209 1454 1285 1488 Hoc
1300 1453 1377 1488 ideo
1403 1464 1508 1489 onere
1527 1454 1666 1498 gravari
1696 1463 1759 1487 ne·

980 1511 1113 1548 queunt
1132 1500 1338 1545 Collegiatae
1365 1501 1436 1536 illae
1453 1527 1462 1541 ,
1489 1512 1567 1546 quae
1591 1501 1631 1535 de
1660 1510 1758 1534 novo

979 1551 1096 1584 erectae
1118 1557 1227 1583 certos
1241 1549 1368 1583 habent
1390 1547 1587 1584 fundatores
1605 1574 1615 1587 ,
1637 1556 1756 1582 certa-

980 1609 1053 1643 que
1078 1608 1185 1631 onera
1211 1595 1278 1631 suis
1305 1596 1584 1632 Canonicatibus
1607 1595 1693 1631 data
1718 1599 1756 1630 in

984 1643 1186 1680 fundatione
1203 1672 1212 1680 .
1234 1653 1344 1692 p.72.
1360 1648 1390 1687 ξ.
1404 1646 1527 1681 Erech
1543 1645 1635 1679 circa
1645 1642 1705 1685 sin.

1033 1692 1262 1728 Contrarium
1290 1692 1409 1728 statuit
1429 1688 1758 1737 sac-Congregatio

983 1741 1021 1776 in
1035 1743 1236 1778 Ariminen.
1249 1741 1349 1786 Miffiv
1375 1740 1624 1777 conventualis
1643 1746 1760 1786 p‚72.

986 1801 1060 1824 cvm
1075 1787 1206 1825 duabus
1231 1786 1302 1827 see.
1329 1790 1373 1822 ad
1388 1793 1414 1821 Ι.
1437 1787 1515 1823 dub.
1539 1812 1550 1826 ‚
1575 1785 1758 1831 voluitque

982 1835 1186 1870 Canonicos
1204 1835 1414 1880 Collegiatae
1442 1832 1619 1867 Sabiniani
1647 1830 1760 1867 teneri

987 1884 1157 1927 applicare
1184 1880 1315 1917 Missam
1329 1880 1613 1918 Conventualem
1627 1890 1687 1926 pro
1703 1881 1760 1915 be-

986 1929 1217 1965 nefanoribus
1234 1929 1268 1963 in
1282 1938 1434 1974 genere.

1033 1978 1122 2024 Qae
1137 1986 1251 2011 tamen
1267 1976 1454 2022 applicatio
1466 1986 1529 2023 per
1544 1983 1687 2010 turnum
1705 1974 1761 2009 in-

982 2025 1110 2071 cipicn.
1126 2025 1167 2058 ab
1194 2024 1463 2071 Archipresbytt
1474 2034 1514 2058 ro
1542 2031 1697 2061 attenta,
1721 2024 1760 2058 &

985 2074 1188 2119 perdurante
1209 2072 1377 2107 tenuitate
1399 2072 1600 2106 reddituum
1622 2072 1761 2106 reduCta.

986 2121 1054 2155 fuit
1071 2131 1132 2165 pro
1143 2121 1253 2166 gratia
1267 2123 1307 2155 ad
1320 2119 1392 2154 dies
1407 2116 1503 2154 festos
1516 2127 1651 2154 tantum
1672 2119 1762 2154 [bid.

987 2171 1031 2203 ad
1050 2173 1088 2203 II.
1108 2178 1150 2204 *ξφ
1168 2172 1229 2201 III.
1243 2167 1320 2202 dub.

1035 2213 1077 2249 Et
1092 2225 1168 2249 cum
1181 2214 1421 2260 exquireretur
1437 2214 1534 2250 Sacra
1561 2213 1760 2259 Congrega-

989 2264 1040 2298 tio
1068 2274 1110 2297 an
1134 2272 1202 2308 pro
1225 2271 1382 2307 tempore
1409 2271 1588 2308 praeterito
1614 2260 1762 2306 parmati

989 2310 1162 2346 Canonici
1187 2319 1390 2345 tenerentur
1416 2311 1456 2345 ad
1486 2309 1763 2356 applicationem

990 2357 1162 2394 missarum
1187 2356 1485 2392 Conventualium
1511 2367 1579 2390 non
1605 2356 1764 2390 celebra-

991 2415 1107 2441 tarum
1121 2431 1131 2445 ,
1158 2404 1354 2451 responsum
1367 2406 1466 2439 dedit
1479 2406 1522 2438 ad
1539 2410 1583 2438 D.
1598 2409 1764 2440 Secreta·

995 2457 1085 2491 rium
1096 2454 1191 2497 [αὲἶο
1208 2452 1316 2489 verbo
1329 2465 1405 2488 cum
1420 2452 1624 2496 Sanffiffimo
1639 2473 1649 2484 .
1675 2450 1762 2486 Ibid.

995 2504 1041 2537 ad
1055 2506 1113 2536 IV.
1126 2499 1206 2538 dub.

1268 2545 1412 2583 MISSA
1426 2571 1438 2582 .

133 2593 375 2642 Congregatio
401 2597 436 2631 in
463 2600 646 2645 spoletana
681 2599 901 2633 Matrimonii
948 2596 1074 2646 Qoad
1104 2594 1369 2642 applicationem
1389 2594 1468 2631 vide
1490 2593 1527 2629 in
1549 2594 1658 2630 verbo
1679 2598 1762 2640 Ap-

130 2650 171 2690 p.
185 2653 229 2686 55·
258 2646 414 2691 cumseq.

186 2690 356 2726 Parochus
382 2693 475 2726 enim
502 2692 537 2728 in
560 2691 794 2728 Matrimoniis
818 2691 899 2727 nul-

991 2647 1129 2693 plicare
1145 2669 1158 2679 .

951 2690 1329 2727 MONASTERIUM
1346 2717 1356 2732 ‚
1384 2689 1451 2726 ET
1476 2686 1762 2726 MONIALES.

137 2735 206 2771 lam
230 2748 369 2774 exercet
392 2740 663 2782 >iurisdietionem
688 2766 698 2779 ‚
722 2751 801 2775 cum
828 2739 895 2785 ipse
945 2738 1275 2776 Monasteriiclaves
1300 2750 1360 2785 per
1383 2737 1641 2775 Conteffarium
1672 2735 1763 2770 reti-

132 2795 204 2818 ‘non
222 2784 258 2818 sit
273 2785 431 2821 Minister
445 2790 557 2833 magni
572 2788 670 2829 hujus
692 2789 896 2823 Sacramen-

132 2831 163 2865 ω’
178 2857 188 2871 ,
214 2832 266 2866 led
279 2831 315 2868 lit
332 2833 443 2872 Testis
455 2836 646 2882 speetabilis
660 2835 872 2872 matrimonii
884 2862 895 2875 ‚

992 2788 1107 2823 nendae
1121 2786 1155 2822 in
1172 2789 1379 2834 conversana
1394 2787 1757 2832 ⁴710·1'Jdi‹531'0n¹'-‘P·³g⁹

995 2845 1050 2882 29.
1063 2837 1106 2871 ad
1125 2839 1182 2872 VI.
1196 2834 1277 2871 dub.
1606 2876 1720 2914 Εκπ-
