1977 3028
114 149 285 184 Amat-ina
300 145 399 191 Mzffae
413 141 659 180 conventualis
670 152 718 180 iz.
732 143 861 181 Martie·
876 146 996 190 ¹746·;
1020 144 1082 183 Ab
1098 146 1407 198 Archipresbytero
1418 179 1428 193 ,
1444 153 1476 188 δι
1492 120 1581 191 Ριέἶ

111 202 245 229 motore
261 192 384 228 Fiscali
398 189 515 227 Curiae
529 189 729 238 episcopalis
746 191 973 231 Ariminenlis
992 194 1081 231 nihil
1097 196 1276 235 habuimus
1288 224 1297 233 .
1326 199 1486 247 Qatuor
1500 203 1578 239 sunt

112 239 229 276 Causae
240 240 290 276 Ca
320 240 368 276 ita
384 265 394 275 .

70 287 102 326 I.
113 296 171 325 An
187 252 342 326 canonffci
373 287 566 335 collegiata
581 285 765 324 sabiniam·
779 297 964 325 teneantur
980 291 1158 339 applicare
1173 296 1328 339 quotidie
1344 295 1475 341 Miffam
1491 303 1577 334 Con-

258 336 456 374 ventualem
470 343 538 381 pro
560 334 840 378 Benefaaoribus
854 339 890 373 in
897 347 1029 382 genere
1043 363 1054 377 ,
1073 339 1135 382 seu
1144 343 1269 386 potius
1294 350 1457 378 tencatur
1476 346 1580 389 solus

257 383 562 429 archipresbyter
578 381 670 416 diffae
692 383 885 429 Collegiatae
899 396 935 420 m
947 385 1023 428 casu
1039 388 1114 421 &a
1131 397 1143 424 ς
1168 385 1200 421 &
1216 397 1382 432 quatenus
1397 391 1581 429 affirmati-

258 443 301 468 ve
315 432 352 465 ad
365 428 507 476 primam
522 436 650 474 partem
663 454 674 470 ‚
698 429 730 465 δι
744 430 906 477 negative
924 432 964 467 ad
987 431 1165 468 secundam
1179 456 1192 470 .

61 479 116 518 Π.
139 486 199 516 An
212 478 507 526 ..Archipresbyter
520 485 680 512 teneatur
691 484 757 525 per
773 487 913 516 turnum
940 492 1015 516 cum
1041 483 1212 517 canonicis
1228 482 1427 525 celebrare,
1451 489 1495 523 &¹
1518 495 1581 534 ap-

251 527 388 575 plicare
405 524 538 569 Miſjam
566 525 851 567 Conventualem,
882 527 1034 575 utsupra
1046 552 1058 570 ‚
1076 532 1120 566 ά*
1133 532 1297 576 quomodo
1311 540 1435 568 turnus
1442 533 1488 575 fit
1499 534 1580 578 ser-

258 575 392 610 vandus
408 576 442 606 in
458 573 534 616 cafit
553 574 632 607 ΘΕ.
884 574 896 580 “

65 620 138 659 111.
161 619 272 665 Anfit
299 623 394 658 locus
412 619 625 658 reductioni,
653 621 697 656 &
713 622 874 666 quomodo
895 624 930 659 in
954 623 1032 668 casu
1048 625 1125 660 &a

66 668 139 708 JV.
160 674 220 705 ..dn
236 664 535 716 Archipresbyter
548 689 559 704 ‚
585 670 629 702 Θ
649 670 804 704 Canonici
824 673 932 706 Terrae
946 671 1129 707 sabiniani
1152 681 1409 723 teneanttirpro
1425 686 1577 727 tempore

244 717 428 763 praeterito
450 714 494 748 ad
507 713 777 761 applicationem
793 717 969 764 Miffizrum
998 721 1283 757 conventualium
1297 735 1361 758 non
1374 725 1574 761 celebrata-

249 775 324 799 rum
339 764 374 798 in
388 774 425 797 ca
445 772 464 794 tt
488 763 565 797 &a

152 857 209 894 Ad
224 856 252 893 Ι.
269 853 491 892 Affirmative
503 852 544 889 ad
558 853 703 900 primam
717 865 869 904 partem:
903 859 1081 907 Negative
1098 864 1136 897 ad
1149 862 1324 899 secundam
1337 890 1348 901 .
1365 865 1424 901 Ad
1443 865 1487 902 11.
1501 865 1571 903 Af-

103 903 281 941 firmative
294 916 354 951 per
373 901 534 937 Turnum
549 903 712 949 incipien.
727 906 770 940 ab
786 907 1112 953 Archipresbytero.
1126 909 1183 945 Ad
1200 909 1265 945 lli,
1279 912 1339 946 Pro
1350 914 1462 960 gratia
1475 917 1571 950 redu-

106 954 272 989 &ionisad
281 953 352 987 dies
366 950 464 985 festos
474 957 607 984 tantum
623 953 799 993 attenta‚&
815 957 1023 1000 perdurante
1040 957 1206 995 tenuitate
1221 958 1487 996 reddituumAd
1502 961 1568 997 lV.

107 1002 164 1037 Ad
174 1001 223 1037 D.
235 997 465 1036 Secretari'um
479 1022 491 1038 ,
514 994 603 1033 facto
617 997 724 1036 verbo
736 1012 814 1037 cum
829 1002 1060 1042 Sanctiffimo.

157 1144 348 1181 OMANA
372 1142 714 1181 SUPPLEMENTI
742 1143 1173 1186 INTORTITIORUM
1186 1165 1196 1185 ε
1221 1150 1279 1186 Ab
1311 1162 1402 1188 anno
1438 1162 1539 1195 1527.
1556 1177 1568 1193 ‚
1624 1159 1711 1204 ,9³st,
1730 1169 1788 1197 21.
1820 1165 1880 1201 dec

56 1144 140 1229 1³.
167 1204 235 1239 quo
251 1193 284 1228 in
301 1191 439 1226 Basilica
456 1191 511 1225 SS.
532 1192 733 1232 Laurentii,
760 1193 792 1228 &
806 1193 946 1231 Damasi
967 1196 1161 1233 institutum
1181 1198 1244 1234 fuit
1261 1200 1467 1236 Sodalitium
1479 1201 1568 1234 San-
1599 1206 1639 1243 de
1683 1207 1797 1249 obser,
1837 1216 1883 1248 &-

101 1240 232 1274 Ctifltmi
244 1239 406 1284 Corporis
421 1238 548 1273 Christi
563 1239 687 1275 Titulo
697 1241 784 1277 delle
798 1245 917 1290 cinque
933 1246 1067 1292 Piaghe
1078 1272 1088 1285 ,
1112 1245 1333 1293 obtinuitque
1348 1259 1366 1281 a
1379 1246 1487 1296 Capit
1495 1248 1565 1287 ulo,
1598 1256 1675 1289 evit
1711 1258 1748 1294 in
1770 1257 1868 1296 “leh

100 1288 135 1323 ἃ
149 1286 338 1323 Cat-ionicis
353 1286 502 1330 ejusdem
517 1285 667 1322 Basilicae
687 1289 799 1323 locum
812 1288 872 1326 sub
886 1289 1015 1327 fornice
1031 1292 1188 1329 Ecclesiae
1203 1320 1213 1333 ,
1241 1302 1277 1329 ut
1292 1304 1446 1330 extruere
1460 1293 1566 1341 poffet
1603 1302 1684 1348 Mifi

103 1335 296 1382 cappellam
309 1359 320 1374 ³
346 1338 390 1371 (φ
407 1335 522 1369 altare
533 1337 576 1369 ad
585 1335 725 1370 libitum
742 1359 754 1374 ³
766 1347 808 1373 (φ
821 1340 1037 1376 voluntatem
1052 1341 1381 1387 ejusaemfiiciet..tis
1397 1344 1565 1389 illamque

97 1393 223 1418 ornare
235 1405 249 1420 ‚
268 1391 307 1416 ut
320 1382 414 1416 dillae
435 1383 603 1417 societati
621 1383 800 1430 placuerit
814 1410 823 1424 ‚
839 1386 985 1423 liberam
997 1413 1007 1426 ,
1024 1393 1066 1424 (φ
1081 1399 1274 1435 exemptam
1291 1389 1332 1424 ab
1347 1392 1439 1425 omni
1452 1403 1564 1431 onere,

98 1439 172 1474 quae
186 1429 288 1463 verba
303 1427 381 1463 sunt
394 1428 612 1464 concefiionis
628 1455 638 1468 ,
652 1429 762 1466 suevit
775 1432 860 1467 idem
875 1433 1078 1469 Sodalitium
1095 1435 1246 1480 quinque
1263 1437 1371 1483 primo
1385 1463 1393 1476 ‚
1410 1437 1489 1472 inde
1503 1437 1563 1473 sex

95 1486 210 1511 cereas
219 1477 400 1522 quadratas
418 1474 507 1511 faces
523 1475 676 1522 prrestare
690 1502 700 1516 ‚
715 1480 1064 1527 cumaugustiiiimum
1082 1483 1292 1520 eucharium:
1309 1485 1564 1521 Sacramentum

95 1523 137 1557 ad
155 1521 307 1558 infirmos
324 1521 493 1560 defertur.
523 1524 690 1559 Sueverat
704 1527 775 1572 pa-ri
794 1528 922 1573 pietate
939 1529 1024 1565 alias
1039 1530 1180 1576 triginta
1197 1532 1343 1573 ejuldem
1356 1534 1491 1578 generis
1508 1532 1565 1567 fa-

95 1581 150 1605 ces
162 1569 315 1617 praebere
329 1570 413 1606 clar.
427 1581 531 1606 mem.
548 1571 746 1608 Cardinalis
760 1574 881 1612 Petrus
893 1579 1116 1612 otthobonus
1131 1578 1164 1611 S.
1180 1577 1226 1614 R.
1240 1580 1275 1614 h.
1293 1579 1561 1615 Vice-Cancel-

97 1617 204 1653 larius
219 1644 228 1656 ‚
252 1618 341 1652 itaut
361 1617 622 1665 augustifl'imum
638 1619 895 1659 Sacramentum
913 1624 978 1659 sive
994 1626 1028 1659 in
1044 1636 1173 1670 pompis
1187 1626 1437 1662 celebrioribus
1453 1653 1463 1666 ,
1494 1625 1563 1662 sive

95 1676 172 1700 tum
190 1665 327 1710 privato
341 1691 351 1704 ‚
381 1666 411 1700 &
426 1678 536 1701 minus
552 1666 748 1703 solemniter
762 1670 983 1707 deferendum
994 1671 1073 1707 estet
1087 1700 1096 1713 ,
1121 1684 1163 1708 eo
1177 1681 1272 1711 cultu
1288 1674 1417 1709 facium
1432 1701 1442 1714 ,
1468 1674 1562 1709 teda-

93 1723 170 1747 rum
185 1738 194 1752 ,
217 1711 432 1748 &luminum
452 1713 641 1750 deferretur
657 1717 814 1762 ‚qualem
833 1718 991 1762 Majestas
1007 1721 1134 1756 Divini
1152 1722 1315 1757 Numinis
1330 1722 1493 1765 postulare
1507 1721 1562 1757 νὶ-

94 1760 265 1798 debatur3
291 1759 347 1794 sed
358 1770 468 1798 morte
483 1763 576 1797 obita
589 1775 604 1796 a
626 1762 808 1800 Cardinali
824 1767 1029 1802 Otthobono
1042 1794 1053 1807 ‚
1077 1796 1087 1808 ,
1114 1769 1313 1805 deiecerunt
1328 1779 1472 1815 triginta
1491 1770 1560 1806 illae

93 1807 262 1854 quadi-aree
275 1805 366 1843 faces
382 1835 390 1846 ,
404 1819 478 1854 quae
495 1809 540 1844 ab
551 1823 590 1845 eo
605 1813 840 1856 praebebantur
851 1840 862 1854 ‚
876 1816 906 1849 δι
923 1814 1000 1850 solae
1014 1815 1253 1863 superfuerunt
1266 1820 1443 1851 duodecim
1457 1844 1467 1858 ,
1480 1829 1561 1862 qua-

89 1864 167 1889 rum
182 1858 235 1889 {ex
250 1857 449 1900 praestantur
461 1857 624 1891 diuturno
643 1884 653 1897 ,
672 1869 706 1892 ut
725 1859 870 1896 diximus
884 1888 894 1901 ,
918 1867 978 1897 usu
997 1888 1005 1900 ,
1025 1862 1192 1909 longaque
1207 1866 1326 1899 consur
1338 1864 1453 1898 tudine
1468 1876 1485 1898 a
1497 1866 1559 1899 So·

90 1901 215 1937 dalitio
234 1901 428 1937 Sanctiistmi
451 1902 616 1950 Corporis
638 1903 787 1948 Christi,
812 1909 866 1943 sex
881 1909 958 1944 aliae
976 1921 1020 1944 ex
1041 1910 1115 1957 lege
1128 1913 1322 1946 conti-acius
1347 1912 1387 1944 ab
1413 1911 1481 1946 aio
1502 1913 1556 1946 lo·

91 1948 241 1989 dalitio,
263 1950 318 1984 cui
334 1949 454 1984 titulus
470 1952 515 1985 est
530 1955 621 1998 degl’
634 1958 853 1998 agonizanti
869 1982 877 1995 ,
902 1966 1006 2002 atque
1021 1957 1068 1992 ha:
1087 1958 1172 1996 die;
1196 1962 1290 1993 necte
1316 1969 1397 1993 vero
1410 1968 1557 2004 quatuor

91 2003 225 2031 tantum
240 1999 408 2039 quadratis
422 1997 552 2034 facibus
565 2011 606 2034 au
632 2000 824 2043 ustissimum
839 2005 1094 2040 Sacramentum
1120 2005 1271 2041 defertur
1297 2017 1378 2051 quas
1407 2006 1555 2051 praebere

91 2050 225 2079 tenetur
236 2044 438 2089 Capitulum
451 2045 599 2088 ejusdem
643 2048 762 2085 asilicae
775 2051 972 2087 damnatum
987 2052 1058 2097 post
1074 2052 1170 2089 litem
1188 2055 1292 2088 actam
1307 2062 1429 2088 contra
1446 2053 1555 2088 Soda-

94 2089 213 2142 liti-um¹
221 2092 309 2130 delle
322 2094 443 2141 citaque
458 2095 591 2141 Piaghe
605 2106 696 2131 anno
709 2107 745 2137 17
756 2108 764 2131 i
774 2108 806 2133 z.
817 2110 852 2134 re
865 2099 1017 2142 judicata
1028 2100 1138 2137 Sacrae
1153 2100 1444 2148 Congregationis
1465 2099 1552 2136 Visi-

94 2144 232 2174 tationis
243 2165 251 2173 .

45 2183 260 2221 postularunt
273 2186 409 2232 quidem
422 2189 553 2236 pluries
566 2190 706 2228 Sodales
717 2192 915 2230 Sanetiffimi
931 2196 1095 2241 Corporis
1108 2195 1315 2237 Christi,seu
1329 2197 1415 2232 delle
1430 2199 1550 2243 sinque

93 2233 458 2283 PiagheaCapi‘tulo,
486 2240 516 2273 &
530 2238 715 2275 Canonicis
728 2266 739 2279 ,
763 2253 850 2288 quos
876 2253 976 2288 penes
993 2255 1073 2279 cura
1099 2245 1146 2279 est
1160 2244 1344 2279 habitualis
1361 2243 1550 2285 Pnochiae,

89 2280 123 2315 &
138 2280 340 2326 pinguiffimi
354 2283 430 2319 sunt
442 2285 590 2326 ejusdem
604 2287 774 2327 redditus;
791 2290 909 2336 paucis
921 2289 1119 2337 quibusdam
1134 2292 1289 2338 exceptis
1303 2318 1312 2331 ‚
1323 2294 1383 2337 qui
1404 2291 1550 2327 Vicario

88 2325 223 2362 Curato
242 2327 330 2363 ultra
341 2342 524 2378 congruam
538 2333 772 2379 percipiuntur
787 2364 796 2377 ,
818 2347 853 2372 ut
868 2349 1024 2374 numerus
1038 2340 1284 2385 quadratarum
1301 2339 1428 2374 facium
1447 2350 1550 2383 auge-

86 2381 206 2412 retur,
228 2373 282 2408 sed
293 2387 455 2413 renuente
473 2380 602 2425 semper
613 2381 781 2427 Capitulo
794 2410 804 2423 ,
830 2385 964 2421 Sodales
981 2389 1020 2421 ad
1042 2387 1107 2422 hoc
1123 2387 1261 2422 Sacrum
1279 2386 1450 2420 Tribunal
1477 2396 1548 2420 rem

85 2421 282 2471 detulerunt
306 2423 546 2469 ‚2p0stulantes
571 2429 695 2465 oblatis
720 2432 871 2475 precibus
887 2457 896 2470 ,
923 2441 959 2467 ut
988 2432 1190 2479 Capitulum
1216 2433 1479 2480 compelleretur
1506 2433 1548 2467 ad

89 2479 169 2503 eum
183 2467 307 2504 facium
322 2482 498 2510 numerum
516 2477 728 2522 praebendum
742 2505 751 2519 ‚
766 2479 822 2526 qui
837 2479 1042 2525 responiere
1057 2480 1160 2526 pollet
1176 2481 1335 2528 dignitati
1353 2507 1362 2520 ,
1389 2481 1420 2514 δι
1436 2480 1548 2522 maje-

88 2513 167 2550 stati
184 2515 399 2567 augustiilimt
416 2523 623 2559 sacramenti
639 2549 647 2558 .
675 2524 805 2562 Contra
821 2537 902 2562 vero
914 2530 1136 2564 contendebat
1151 2528 1356 2574 Capitulum
1380 2539 1467 2562 onus
1480 2527 1545 2563 hoc

89 2562 299 2598 asodaiibus
311 2563 375 2599 esse
389 2565 563 2604 ferendum
578 2582 620 2607 ex
634 2582 750 2608 eorum
766 2573 922 2610 instituto
936 2601 946 2615 ,
966 2575 996 2610 δι
1014 2575 1147 2622 legibus
1163 2603 1172 2616 ‚
1198 2576 1320 2622 quibus
1337 2600 1360 2614 „
1385 2573 1544 2610 ssamiro-

86 2634 113 2651 ‚,
139 2610 228 2645 nodi
244 2611 396 2663 dedicare
408 2615 438 2650 le
453 2618 591 2660 persone
607 2644 616 2657 ‚
628 2630 646 2652 e
660 2618 786 2655 {aeolta
802 2622 936 2668 proprie
950 2622 990 2656 ad
1006 2633 1050 2658 un
1072 2624 1237 2658 continuo
1249 2623 1378 2657 attuale
1388 2621 1544 2667 offequi'o

86 2682 114 2699 ,‚
137 2656 229 2692 della
244 2658 408 2710 Dinvinita
427 2663 464 2698 di
479 2663 543 2699 Lui
562 2664 597 2699 in
616 2665 723 2702 'serra
735 2693 746 2707 ,
770 2679 790 2703 e
804 2669 838 2703 di
850 2680 1030 2715 procurare
1044 2681 1109 2706 con
1123 2678 1214 2706 tutte
1230 2669 1262 2705 le
1276 2672 1367 2705 lerze
1382 2695 1393 2710 ‚
1419 2670 1482 2703 che
1496 2668 1541 2704 fia

86 2730 110 2745 ‚,
133 2714 276 2740 onerato
289 2707 316 2741 tl
329 2708 520 2746 Santiilimo
534 2712 784 2759 sagramento:
811 2724 850 2752 ut
865 2717 908 2757 cst
933 2720 968 2753 in
979 2728 1051 2762 cap.
1062 2729 1088 2753 t.
1104 2717 1217 2754 statut.
1230 2719 1261 2753 &
1275 2726 1373 2764 cap.6
1398 2718 1437 2751 de
1451 2716 1541 2751 offic·

81 2764 106 2791 ὁ,
133 2750 261 2837 Ρῐιοΐῖῃ
287 2752 445 2803 Rogatus
461 2763 575 2808 itaque
590 2759 654 2797 fuit
679 2761 983 2848 Emittentislitnu}<
991 2765 1164 2803 Dominus
1186 2760 1538 2845 CardinalissRuffus

248 2808 383 2843 omnXX,
1417 2820 1489 2845 acri
