1956 3017
392 170 465 195 mro
481 153 566 189 datis
578 141 792 193 ca'ppeuano
804 167 814 181 ,
852 150 922 185 quae
935 146 993 172 nos
1007 134 1107 181 supra
1124 127 1326 165 retulimus.
1350 125 1451 176 Qod
1465 151 1476 164 ,
1487 123 1510 158 fl
1524 123 1631 160 adhue
1644 120 1853 169 Ampliffimi

395 209 507 243 Patres
519 198 695 234 censerent
708 193 806 226 Sacra
817 199 836 221 a
846 182 1062 231 Cappellano
1070 179 1134 215 effe
1147 173 1346 223 applicanda
1360 199 1372 211 2
1398 171 1546 217 dlsputat
1561 171 1755 207 Garzonmg
1786 181 1855 204 non

395 252 460 288 csse
476 243 698 282 damnandum
707 241 747 273 ad
762 237 869 272 ullam
881 230 1085 268 solutionem
1102 237 1144 261 ex
1158 224 1258 260 causa
1280 219 1405 256 omiffae
1428 219 1589 254 haetenus
1615 217 1856 265 applicationis-

396 302 578 334 Sacrorum
593 319 602 332 ,
627 298 700 324 tum
713 285 794 331 quia
807 282 874 327 ipse
892 282 983 315 luere
998 286 1131 320 poenam
1142 284 1208 307 non
1218 272 1320 307 debet
1331 268 1443 313 culpae
1460 266 1766 313 Cappellanorum‚
1784 274 1858 299 tum

397 345 478 393 quia
493 341 563 389 ipse
577 336 717 386 possidet
728 327 971 369 iatinsundium
986 321 1174 358 Testatoris
1185 346 1196 361 ,
1231 317 1284 354 nti
1301 315 1421 352 tertius
1431 324 1566 360 emptor
1575 315 1620 349 ab
1631 312 1721 348 hasta
1737 338 1749 350 .
1773 313 1857 348 Duo

398 395 513 438 itaque
529 389 603 424 sunt
617 381 736 420 Causae
750 379 875 424 Capita
890 403 898 412 .
1622 381 1624 386 ,
1736 399 1738 402 ‚

352 447 381 478 1.
398 448 456 477 ,An
472 436 693 486 cappellanus
709 435 869 465 teneatur
880 425 925 459 ,ad
938 420 1201 470 applicationem
1216 411 1385 455 sacrificii
1395 413 1431 447 in
1443 410 1520 453 casu
1529 413 1607 446 &a
1626 408 1668 443 Et
1682 418 1853 455 quatenus

598 491 670 515 τινε

352 540 397 575 Π.
424 486 675 581 ,ΛΑηῖνῖὲῃοδηαίΠΖι
685 504 951 570 'inpraeteritum
970 514 1199 562 applicatione
1212 517 1341 546 Orator
1351 514 1514 545 teneatur
1524 505 1570 539 ad
1581 505 1738 550 aliquam
1756 503 1850 553 solu·-

442 583 572 617 itionem
587 601 597 614 ,
620 569 954 615 φείῙαῑὶεῘαὲἶῐοηεψ
968 565 1002 598 in
1017 564 1093 608 casu
1110 566 1187 598 (ys.

571 749 580 759 ι
638 671 728 727 Ad
768 669 812 722 1.
849 661 1220 718 affirmative.
1273 656 1363 708 Ad
1384 654 1459 708 11.
1496 625 1780 706 Provisum
1803 651 1859 700 in

495 762 713 820 Pl'lmO·

118 900 321 937 Sefiuomz
360 870 466 955 M
484 848 1038 902 ARIANEN,ERECT10NIS
1051 841 1400 884 COLLEGIATAE:
1428 842 1547 878 Preces
1557 837 1753 875 obtulerunt
1775 836 1864 871 Cle-

117 944 156 978 de
169 939 239 983 Ref-

496 924 551 948 rus
563 938 573 952 ,
600 911 630 944 δι
647 903 797 951 Populus
813 900 1010 948 Speluncati
1023 893 1246 930 Sacratiflimo
1258 891 1408 937 Principi
1423 888 1533 924 nostro
1548 914 1557 926 ‚
1579 896 1615 921 ut
1631 885 1777 920 Plebana
1799 885 1864 918 Ec-

405 962 503 1000 clesia
519 959 614 995 illius
628 953 753 1001 Oppidi
768 976 778 991 .
802 960 874 995 quae
888 946 986 982 Divo
999 942 1166 978 Michaeli
1180 939 1401 983 Archangelo
1410 937 1522 971 dicata
1536 934 1583 969 est
1595 960 1604 973 ,
1630 943 1772 978 quaeque
1789 942 1865 965 am-

405 1011 461 1056 pla
475 1007 555 1044 satis
572 1032 582 1046 ,
605 1004 637 1038 &
651 997 794 1037 aedificio
807 998 940 1033 decora,
954 990 1120 1038 suppressa
1132 988 1234 1026 etiam
1246 987 1357 1021 altera
1371 986 1519 1027 ejusdem
1535 981 1662 1028 Oppidi
1676 978 1865 1025 Pjarochiali

404 1054 551 1095 Ecclesia
563 1050 725 1093 inscripta
742 1047 770 1080 S.
784 1041 979 1077 Catharinae
994 1066 1004 1080 ‚
1017 1040 1051 1073 in
1063 1036 1295 1082 Collegiatam
1305 1032 1511 1077 erigeretur,
1538 1031 1573 1064 in
1590 1039 1655 1075 qua
1673 1025 1779 1061 essent
1793 1026 1865 1059 duce

405 1101 606 1150 Dignitates
622 1123 632 1136 ‚
654 1090 1017 1138 Archipresbyteratus
1035 1096 1158 1132 nempe
1172 1108 1181 1121 ,
1206 1083 1236 1115 δι
1254 1079 1502 1126 Praepositura',
1532 1077 1607 1115 oc‘to
1620 1072 1866 1111 canonicatus,

407 1153 438 1187 ὅτ
453 1156 596 1195 quatuos
611 1141 777 1177 Beneficia
790 1165 799 1178 ,
817 1137 876 1172 seu
889 1133 1125 1169 Mansionariae
1137 1158 1147 1172 ,
1165 1129 1268 1176 idque
1283 1140 1326 1162 ex
1340 1126 1441 1161 Bonis
1454 1152 1464 1166 ,
1477 1124 1663 1168 annuisque
1678 1120 1868 1155 redditibus

407 1194 578 1241 utriusque
597 1188 752 1227 Ecclesiae
764 1187 914 1220 Plebanae
927 1182 1056 1216 scilicet
1069 1207 1079 1221 ,
1106 1180 1137 1214 &
1152 1175 1360 1214 parochialis
1374 1172 1622 1221 supprimendae
1633 1190 1646 1208 ·,
1670 1169 1725 1202 Ne
1741 1165 1867 1211 aliquid

407 1254 523 1280 tamen
537 1236 734 1275 detrimenti
749 1232 864 1280 capiat
890 1241 932 1264 ex
953 1230 1016 1264 hac
1040 1226 1246 1263 parochialis
1272 1222 1502 1270 suppreiiione
1528 1217 1624 1254 Cura
1652 1215 1844 1250 animarum
1855 1238 1866 1252 ‚

407 1303 495 1329 onus
512 1287 664 1324 additum
677 1284 865 1319 volverunt
877 1275 1079 1323 Collegiatoe
1094 1272 1268 1320 erigenda:
1282 1267 1448 1305 retinendi
1475 1266 1689 1302 Sacerdotem
1703 1262 1792 1307 ‚⁴qu
1805 1259 1867 1301 sub

412 1339 529 1374 curati
542 1343 681 1370 munere
698 1330 857 1375 fungatur
869 1351 879 1365 ,
894 1327 1032 1370 &opem
1049 1322 1134 1357 ferat
1149 1347 1157 1359 ‚
1185 1318 1366 1366 praestoque
1381 1316 1417 1350 iit
1432 1317 1466 1350 in
1481 1311 1646 1350 exercitio
1660 1309 1762 1344 Cura:
1781 1305 1870 1341 Ani-

408 1395 538 1422 marum
551 1379 879 1426 Archipresbytero:
905 1371 1085 1408 Addebant
1100 1367 1283 1403 AEdituum
1295 1392 1304 1406 ,
1331 1364 1398 1399 five
1413 1362 1587 1397 Sacristam
1601 1385 1611 1398 ,
1628 1359 1657 1393 &
1677 1352 1871 1398 Ludimagi-

408 1432 513 1468 strum
528 1459 536 1467 .
568 1429 655 1473 QJ:
669 1426 708 1459 ad
723 1423 930 1469 Collegiatae
950 1418 1151 1454 erectionem
1166 1413 1385 1451 rebuiruntur
1411 1409 1524 1455 prcesto
1539 1408 1612 1443 sunt
1625 1403 1761 1440 omnia:
1789 1400 1862 1445 lpsa

410 1478 537 1526 Oppidi
555 1471 769 1511 Univerfitas
783 1470 886 1505 Sacra
896 1462 1121 1512 suppellectili
1137 1470 1259 1499 novam
1270 1458 1495 1505 Collegiatam
1518 1453 1679 1490 instruere
1692 1475 1702 1490 ‚
1734 1449 1756 1483 fi
1785 1458 1870 1492 opus

409 1525 448 1561 fit
467 1554 473 1568 ‚
500 1526 531 1560 δι
552 1520 718 1569 impensas
735 1518 927 1553 Literarum
938 1513 1116 1549 erectionis
1130 1509 1185 1545 sua
1202 1507 1346 1556 pecunia
1355 1504 1475 1550 exequi
1490 1510 1606 1549 parata
1620 1499 1682 1534 est:
1709 1497 1872 1532 sacerdo-

410 1586 463 1609 les
478 1572 501 1607 ii
518 1600 526 1611 ,
556 1571 613 1617 qui
629 1565 863 1603 Canonicatus
878 1591 887 1604 ‚
904 1564 933 1597 ὃ(
949 1558 1119 1596 Beneficia
1135 1557 1291 1602 erigenda
1306 1553 1364 1588 fibi
1390 1553 1461 1586 dari
1478 1548 1649 1597 postulant
1675 1575 1683 1586 ,
1710 1543 1818 1578 Chori
1838 1543 1870 1576 &c

411 1620 566 1656 Ecclefiae
581 1616 757 1652 servitium
770 1610 973 1659 promittunt
986 1635 996 1651 ,
1007 1608 1120 1643 donec
1137 1603 1276 1638 Parochi
1290 1599 1476 1646 superstites
1495 1597 1570 1636 sint,
1586 1593 1780 1637 annuosque
1797 1590 1873 1624 red-

411 1667 505 1703 ditus
519 1677 618 1701 nova:
632 1662 838 1708 Collegiatae
853 1654 1072 1704 applicandos
1088 1652 1274 1698 percipiant
1288 1662 1298 1687 ς
1322 1659 1409 1683 neve
1423 1648 1560 1681 interim
1574 1642 1749 1678 servitium
1762 1638 1876 1683 negli-

413 1723 514 1761 gatur
526 1740 536 1753 ,
557 1711 741 1748 conferunt
762 1708 884 1742 sc.200.
902 1714 940 1739 ut
954 1730 964 1742 ,
976 1704 1094 1737 eitad‘to
1105 1710 1193 1734 anno
1207 1723 1217 1736 ,
1232 1697 1364 1731 ratione
1378 1693 1514 1740 praestiti
1532 1689 1662 1727 servitii
1678 1687 1876 1722 distribuan-

413 1762 556 1797 turloco
570 1756 844 1793 distributionum
858 1750 1154 1797 quotidianarum:
1178 1744 1346 1779 Redditus
1362 1741 1536 1785 utriusque
1559 1734 1771 1773 Parochialis
1797 1730 1874 1767 satis

412 1808 477 1843 effe
492 1808 611 1841 dicunt
626 1801 832 1848 Collegiatae
845 1796 1008 1843 erigendae
1020 1823 1027 1835 ‚
1043 1806 1118 1830 nam
1133 1792 1290 1828 summam
1309 1799 1457 1824 annuam
1470 1787 1513 1822 sc.
1531 1790 1597 1826 850
1623 1795 1680 1824 50.
1691 1793 1746 1817 eos
1756 1778 1876 1815 consti-

414 1866 509 1890 tuere
520 1851 629 1887 Periti
642 1850 830 1884 retulerunt
844 1873 854 1886 ‚
879 1846 967 1878 itaut
983 1840 1133 1887 demptis
1148 1839 1250 1875 1020.
1265 1849 1322 1882 pro
1333 1835 1474 1871 AEdituo
1485 1861 1495 1873 ‚
1517 1834 1584 1866 slve
1599 1828 1744 1865 sacrista
1766 1829 1870 1865 ‚toti-

415 1903 493 1938 dem
507 1911 566 1947 pro
580 1894 831 1942 Ludimagistro
845 1920 855 1933 ‚
881 1891 938 1937 qui
954 1890 1076 1923 Pueros
1090 1886 1359 1921 Grammaticam
1375 1884 1494 1917 doceat
1508 1908 1518 1922 ‚
1541 1880 1644 1919 scas.
1660 1888 1721 1923 pro
1735 1876 1871 1910 Subcu-

413 1958 508 1987 rato,
526 1958 565 1981 ac
576 1945 717 1990 denique
733 1943 833 1981 sc.3or
849 1951 911 1985 pro
925 1935 1079 1972 Sacrario
1094 1960 1103 1973 ,
1130 1931 1291 1979 superfint
1305 1931 1432 1974 sc.755·.
1450 1938 1507 1974 5⁶0.
1519 1936 1663 1974 quorum
1675 1924 1718 1959 sc.
1738 1933 1792 1968 55.
1809 1925 1866 1966 9⁵3·

413 1993 552 2040 singulis
570 1991 757 2026 Canonicis
770 2015 779 2028 ,
796 1989 895 2032 sc.27.
910 1995 964 2030 99.
984 1981 1120 2027 singulis
1136 1977 1367 2014 Beneficiariis
1379 2004 1388 2016 ‚
1404 1976 1446 2013 sc.
1465 1987 1519 2021 7¹·
1532 1985 1590 2022 75.
1609 1970 1785 2018 Praeposno
1799 1994 1809 2008 ‚
1841 1968 1874 2003 &

415 2045 546 2077 demum
560 2039 602 2075 sc.
613 2050 622 2072 1
635 2049 645 2072 ι
658 2049 682 2071 ι..
694 2042 752 2079 98.
766 2032 1078 2077 Archipresbytero
1094 2027 1246 2073 astignari
1261 2024 1378 2070 poffint
1390 2036 1403 2045 ··
1535 2058 1539 2062 ,

373 2096 483 2132 Novae
499 2087 595 2128 huius
611 2083 813 2130 Collegiatae
825 2079 987 2116 erectioni
999 2076 1063 2111 sese
1075 2074 1363 2110 contradictorem
1386 2067 1742 2116 praestitit-Episcopus
1760 2092 1770 2104 ,
1792 2061 1874 2108 qui,

419 2137 506 2172 datis
521 2133 643 2168 Literis
656 2134 694 2167 ad
709 2128 942 2176 Apostolicam
959 2124 1138 2160 Datariarn
1152 2148 1161 2161 ,
1187 2120 1282 2164 plura
1305 2119 1469 2165 congeflit
1495 2143 1504 2157 ,
1526 2117 1651 2163 quibus
1677 2111 1873 2157 Principem

418 2183 591 2229 optimum
605 2183 645 2214 ab
659 2181 722 2214 hac
736 2177 908 2213 erectione
922 2172 1098 2208 retrahere
1123 2170 1307 2206 conabatur
1327 2188 1347 2206 ‚-
1361 2167 1452 2212 quod
1477 2166 1719 2213 Speluncatum
1745 2170 1815 2195 non
1835 2155 1873 2190 fit

419 2229 598 2274 Oppidum
614 2226 738 2262 illustre
755 2252 764 2265 ,
789 2224 874 2270 quod
890 2220 1001 2256 tenuis
1015 2218 1053 2253 sit
1066 2218 1312 2263 terrigenarum
1326 2224 1483 2249 numerus
1494 2237 1506 2250 ‚
1530 2213 1618 2258 quod
1629 2208 1798 2255 utriusque
1810 2204 1876 2238 Pa-

418 2274 579 2314 rochialis·
595 2275 737 2309 redditus
752 2284 817 2308 non
832 2271 855 2304 ii
872 2268 932 2302 {int
946 2294 955 2307 ,
976 2278 1057 2313 quos
1072 2264 1198 2300 Clerus
1215 2290 1224 2303 ‚
1245 2263 1276 2297 &
1301 2259 1448 2307 Populus
1474 2258 1641 2297 afferunt,
1666 2258 1697 2292 &
1724 2257 1798 2292 ideo
1823 2259 1877 2285 te-

420 2335 521 2361 nuem
533 2322 597 2358 effe
613 2322 724 2355 dotem
741 2319 861 2355 suturae
875 2314 1078 2361 Collegiatae
1089 2338 1098 2352 ‚
1122 2311 1210 2358 quod
1226 2319 1326 2344 tenue
1353 2308 1437 2344 item
1459 2306 1497 2342 sit
1512 2331 1523 2346 ,
1550 2305 1642 2352 quod
1668 2303 1844 2339 Subcurao
1860 2322 1870 2335 ‚

423 2373 455 2407 &
472 2370 782 2414 Archipresbytero
797 2366 976 2411 assignatur
990 2387 1000 2400 ,
1027 2358 1227 2407 stipendium
1241 2380 1251 2391 .
1276 2355 1434 2391 Addebat
1450 2366 1469 2389 a
1481 2353 1559 2396 Jure
1577 2351 1713 2388 deviam
1725 2348 1786 2384 effe
1797 2355 1873 2379 eam

425 2418 656 2468 conditionem
673 2442 682 2455 ‚
702 2426 803 2460 quam
819 2412 917 2448 adiici
933 2408 1099 2455 postulant
1112 2408 1148 2441 in
1162 2406 1331 2441 erectione
1345 2402 1552 2449 Collegiatae
1565 2426 1574 2439 ,
1607 2409 1646 2436 ut
1662 2406 1776 2441 nempe
1797 2392 1877 2429 solis

427 2465 573 2515 §lei-icis
589 2463 800 2509 Speluncam
811 2456 968 2495 oriundis
983 2456 1184 2501 Dignitaves
1197 2480 1205 2492 ,
1232 2450 1469 2487 canonicatus
1491 2474 1502 2487 ‚
1528 2446 1698 2485 Beneficia
1723 2444 1869 2477 dentur:

426 2511 507 2544 hinc
519 2510 582 2545 effe
599 2535 610 2549 ,
631 2520 666 2546 ut
680 2510 873 2544 Sacerdotes
888 2505 995 2540 vicini
1009 2504 1118 2542 Loci,
1141 2511 1241 2548 quem
1261 2499 1380 2534 dicunt
1409 2504 1452 2534 Le
1468 2497 1585 2535 Ville,
1607 2495 1686 2530 huic
1708 2482 1875 2526 ereffioni

427 2556 635 2610 refistant,ne
647 2557 771 2592 vetitus
783 2555 823 2591 iis
839 2554 877 2588 sit
890 2550 1066 2597 concursus
1081 2550 1123 2585 ad
1138 2560 1192 2583 eas
1203 2545 1416 2582 parochiales
1429 2544 1465 2579 in
1480 2543 1557 2578 casu
1572 2537 1774 2578 vacationis.
1786 2535 1882 2570 Cau-

428 2604 468 2638 [ε
484 2606 583 2644 hujus
595 2604 821 2649 cognitionem
832 2601 879 2636 R.
891 2598 928 2635 Ρ.
942 2600 987 2634 Ι).
1007 2597 1170 2634 Datarius
1185 2597 1285 2630 Sacro
1299 2593 1376 2627 huic
1391 2590 1580 2627 Tribunali
1596 2586 1782 2622 mandavit:
1796 2582 1883 2616 Cle-

428 2662 487 2686 rus
502 2659 615 2684 autern
629 2676 637 2689 ,
654 2651 684 2684 δι
700 2650 845 2694 Populus
859 2646 991 2682 Libello
1005 2645 1135 2686 jurium
1146 2669 1155 2682 ‚
1169 2653 1268 2688 quem
1281 2640 1452 2675 dederunt
1465 2664 1476 2678 ‚
1500 2633 1678 2670 monstrant
1697 2660 1705 2673 ‚
1732 2633 1858 2675 septem
1869 2655 1881 2670 ,

427 2709 500 2743 quae
515 2697 553 2729 ad
568 2697 772 2731 erectionem
785 2695 987 2739 Collegiatae
1001 2690 1178 2726 necessaria
1193 2689 1267 2724 sont
1280 2714 1288 2726 ‚
1302 2685 1455 2732 requisita
1473 2709 1484 2722 ,
1503 2681 1612 2718 xadesse
1628 2682 1660 2716 in
1675 2683 1738 2716 hac
1754 2679 1880 2726 specie,

428 2755 502 2781 tum
515 2743 554 2779 iis
568 2743 754 2792 respondet,
768 2753 840 2789 quae
852 2739 1004 2786 congesta
1017 2738 1093 2775 sunt
1108 2739 1147 2772 ab
1164 2736 1331 2783 Episcopo
1342 2735 1375 2768 in
1393 2730 1545 2779 Epistolis
1560 2755 1570 2766 .
1585 2728 1673 2766 Satis
1687 2724 1882 2808 eonsgfltum

1790 2778 1884 2808 lcunt
