1945 3028
1528 100 1576 129 σιν

94 133 119 150 ,,
146 111 226 147 simo
237 112 360 160 Signat·
374 113 534 155 Antonio
548 119 574 155 11·
597 119 684 167 possa
698 128 778 158 tuor
791 124 839 161 lui
857 151 867 165 ,
887 127 981 163 edar
1004 141 1023 164 a
1050 132 1082 167 d.
1098 131 1271 170 Sacerdoti
1294 130 1407 174 ducati
1431 123 1568 177 ottann}

91 185 116 200 2,
140 169 280 195 moneta
297 161 358 213 all³
369 174 460 198 anno
473 167 537 202 &c.
555 169 579 205 il
594 169 672 215 qual
687 170 785 205 Prete
799 173 888 219 dopo
903 175 994 211 detta
1010 177 1118 213 Messa
1133 181 1211 215 vadi
1225 183 1294 217 alla
1309 196 1376 221 mia
1403 188 1565 232 Sepoltu—

89 231 115 248 2,
138 219 174 243 ra
201 233 212 246 ,
237 220 256 243 e
281 212 356 245 dica
371 210 454 248 ilde
474 213 655 252 Profundis
666 227 733 252 con
748 219 940 256 l’orazione
953 225 1033 258 d’un
1051 225 1153 261 Prete
1166 240 1278 264 morto
1288 250 1321 258 --
1353 233 1541 272 Prohihnit
1556 263 1568 276 ‚

87 275 113 295 o,
137 269 176 292 ne
189 258 247 293 hic
260 261 422 294 Sacerdos
439 265 660 308 cappellanus
678 270 823 300 Curatur
839 269 898 314 effe
918 271 1065 309 Plo-bani
1079 300 1088 313 ‚
1115 275 1260 320 equesto
1274 290 1292 311 a
1315 277 1381 314 fine
1395 307 1405 320 ,
1435 283 1498 316 ‹he
1534 285 1561 320 il

89 327 114 345 0,
140 304 297 340 Piovano
311 317 381 342 non
395 305 418 340 fi
434 306 521 357 servi
534 309 592 345 del
606 310 674 345 mio
688 311 903 358 Cappellano
927 327 988 361 per
1010 318 1069 356 suo
1084 320 1277 368 Cappellan
1293 325 1410 367 dilui,
1436 332 1561 373 perche

90 378 114 394 ‚‚
142 364 162 387 a
180 351 296 398 questo
306 353 411 388 modo
422 364 458 388 vt
475 353 609 392 satane
621 356 726 394 Meffe
740 387 749 399 ,
764 362 796 395 ὅ(
812 374 829 397 a
843 364 1046 409 quell’altro
1062 369 1160 403 modo
1177 382 1241 406 una
1260 372 1327 407 sola
1338 385 1348 405 =
1367 379 1559 420 Consenfitm

88 427 115 442 „
133 402 297 448 praeJiitit
309 427 320 440 ,
334 410 372 436 ut
386 405 548 439 sacerdos
564 410 658 452 open]
667 407 779 449 ferret
797 411 950 447 &plebano
968 437 979 450 ‚
1008 415 1238 463 adjunxitque
1266 421 1398 456 demum
1422 441 1460 449 —·
1489 436 1507 458 e
1525 426 1558 460 se

87 473 112 488 0,
138 446 254 494 questo
267 449 366 484 Prete
382 445 453 481 sarit
467 449 615 488 invitato
629 453 665 488 in
680 455 764 490 altra
782 455 906 492 Chiesa
924 471 980 504 per
992 462 1047 496 dir
1062 462 1166 499 Messa
1181 490 1192 503 ,
1220 466 1338 512 voglio
1353 469 1416 504 che
1430 470 1453 504 ’l
1468 471 1557 516 possa

87 522 112 538 ‚‚
136 496 238 531 andar
254 521 264 535 ,
288 505 341 530 ma
354 505 417 547 con
433 497 552 541 questo
565 502 645 547 pero
661 526 671 541 ,
696 503 758 538 che
775 503 796 539 fi
812 506 931 544 ricordi
946 508 979 543 di
994 508 1043 545 dir
1056 509 1083 544 1³
1096 512 1264 549 Orazione
1284 515 1472 561 sopradetta
1488 530 1556 554 con

88 570 111 584 ‚,
137 542 218 580 ilde
233 543 430 580 Profundis.
854 579 857 581 -

42 589 224 632 codic1111s
241 602 322 625 veto
339 592 487 629 conditis
500 595 556 632 die
569 596 599 632 8.
616 596 737 634 Martii
753 600 872 636 eodem
885 613 974 638 anno
993 611 1090 647 1598.
1109 609 1234 643 minuit
1259 622 1409 646 annuum
1432 614 1555 650 Sacer-

86 666 113 683 „
135 637 224 674 dotis
237 638 436 689 stipendium
448 659 476 666 -—
496 642 550 677 Vo
575 643 624 680 lio
633 646 696 680 che
713 647 799 682 dove
813 649 856 683 bo
872 651 966 685 detto
981 678 991 692 ,
1014 654 1077 689 che
1091 654 1115 689 il
1128 655 1351 702 cappellano
1368 686 1377 699 ,
1405 662 1468 694 che
1482 662 1554 697 sara

85 712 111 729 ,‚
134 686 244 720 eletto
255 686 308 720 dal
323 686 394 722 mio
407 687 541 724 Commi
570 692 645 727 ario
659 719 669 733 ,
691 695 790 730 abbia
801 697 930 733 Ducati
946 708 1079 736 ottanta
1093 729 1103 742 ,
1117 715 1179 739 ora
1195 704 1316 751 voglio
1332 732 1342 746 ,
1359 707 1421 741 che
1435 719 1477 742 ne
1490 710 1551 744 ab·

83 761 110 776 ‚,
136 733 190 769 bia
203 732 384 768 solamente
398 735 536 772 sess'anta
549 765 558 781 ‚
570 739 602 774 &
616 751 680 774 una
695 741 782 778 Casa
796 755 859 779 con
873 745 898 779 il
913 746 970 781 sno
986 747 1142 785 Terreno
1157 751 1273 786 vicina
1286 765 1304 787 a
1318 753 1435 800 quella
1452 780 1462 793 ,
1485 756 1550 791 che

85 809 110 825 ‚,
134 780 256 816 habito
271 800 296 806 -·
308 781 542 820 Perveneram
557 785 648 822 Bona
664 789 852 826 immobilia
869 791 1057 831 Testatoris
1077 798 1112 832 in
1130 800 1324 835 Antonium
1342 802 1544 850 Mocenigo,

83 829 143 876 qui
154 827 261 864 solvit
275 828 408 876 semper
419 830 641 878 Cappellanis
654 847 804 873 annuum
819 838 1243 886 stipendiumDucatorum
1257 850 1550 896 ouuaginxa‚cum

83 877 123 913 in
134 876 331 912 haereditate
345 877 534 916 'testator-is
547 893 614 917 non
633 882 712 918 esset
726 885 843 922 domus
858 912 869 927 ‚
896 888 927 923 &
944 887 1006 924 soli
1021 893 1190 936 quantitas
1204 896 1356 929 adnexa:
1390 897 1422 930 id
1440 897 1550 943 ipsum

24 927 28 929 “
84 923 213 972 gestum
226 922 303 959 esta
315 923 590 964 descendentibus
603 955 613 970 ,
642 931 674 965 δι
694 932 929 972 successoribus
944 938 1089 973 Antonii
1104 953 1115 978 ς
1141 941 1347 989 Cappellani
1373 953 1490 979 autem
1508 946 1550 979 ab

83 973 140 1007 his
152 971 304 1008 Patronis
316 972 604 1022 elefflnumquam
617 978 718 1014 Sacra
738 981 953 1027 applicarunt
975 996 1037 1029 pro
1063 988 1261 1032 expiatione
1284 1017 1293 1030 ,
1320 991 1546 1038 remedioque

83 1018 203 1055 animae
216 1018 403 1056 Testatoris
420 1047 428 1056 .
458 1022 600 1059 Defecit
613 1037 704 1062 anno
722 1034 823 1070 1696.
837 1040 945 1066 morte
961 1032 1130 1070 Francisci
1146 1036 1334 1085 Mocenigo
1347 1038 1454 1072 Linea
1478 1052 1549 1075 ma·

75 1066 213 1103 *seusina
226 1066 397 1108 Antonii,
424 1068 456 1104 &
473 1071 692 1109 latifundium
705 1076 924 1122 Camporum
936 1080 1111 1126 sexaginta
1127 1108 1137 1121 ,
1153 1085 1245 1129 quod
1263 1088 1462 1131 ailignatum
1476 1087 1549 1121 fue-

81 1122 135 1147 rat
145 1123 211 1158 pro
222 1113 383 1151 cautione
395 1115 624 1165 Cappellanie
639 1147 648 1160 ‚
677 1121 762 1164 juffu
777 1123 874 1158 Exmi
893 1126 1108 1172 Magistratus
1129 1136 1297 1168 introitus
1322 1132 1550 1170 deliberatum

77 1158 145 1194 fuit
156 1160 207 1195 ob
220 1172 261 1196 aes
273 1161 421 1198 alienum
435 1164 606 1202 Francisci
622 1167 809 1216 Mocenigo
823 1173 932 1207 nobili
956 1175 1039 1209 Viro
1055 1176 1235 1214 Francisco
1260 1179 1436 1215 Garzonio
1450 1206 1460 1220 ,
1486 1182 1545 1217 cui

66 1208 236 1254 ,nupserat
248 1208 362 1245 Maria
375 1210 564 1260 Mocenigo
575 1215 672 1250 unica
689 1217 848 1263 superstes
868 1231 885 1254 e
910 1219 1051 1257 Familia
1075 1224 1222 1260 Antonii
1246 1255 1256 1268 ,
1284 1227 1432 1273 illudque
1455 1228 1545 1263 lati-

76 1255 238 1291 fundium
251 1255 442 1293 Franciscus
453 1258 648 1297 Garzonius
661 1265 744 1299 emit
757 1267 797 1299 ab
809 1264 898 1301 hasta
912 1268 1059 1305 Ducatis
1078 1281 1256 1308 1200.cum
1271 1286 1372 1309 onere
1386 1275 1544 1312 solvendi

75 1304 256 1349 quotannis
269 1304 469 1349 stipendium
481 1307 680 1344 ducatorum
696 1316 752 1346 80.
768 1311 981 1359 Cappellano
1013 1316 1199 1355 Testatoris
1257 1321 1464 1368 Cappellani
1478 1335 1541 1358 au.-

73 1359 148 1385 tem
158 1362 176 1384 a
192 1350 345 1386 Patronis
357 1350 536 1390 Garzoniae
549 1355 671 1392 Gentis
685 1385 693 1398 ,
721 1359 755 1395 in
769 1370 867 1404 quam
882 1362 1083 1399 transiverat
1099 1366 1155 1407 Jus
1169 1368 1315 1414 eligendi
1330 1395 1341 1406 ,
1358 1371 1530 1407 nominati

73 1408 257 1444 numquam
269 1399 301 1433 ἂ
316 1398 376 1447 ipfi
397 1400 496 1436 Sacra
517 1415 576 1445 pro
593 1404 705 1441 anima
731 1406 922 1444 Testatoris
949 1411 1167 1458 applicarunt
1191 1440 1199 1450 .
1225 1416 1398 1452 Defuncto
1423 1429 1533 1462 nuper

68 1445 290 1491 Cappellano
301 1473 313 1487 ,
339 1446 478 1484 Nobilis
493 1450 557 1486 Vir
572 1450 691 1488 Petrus
708 1453 894 1492 Garzonius
918 1457 1080 1495 Patronus
1093 1462 1197 1498 alium
1221 1464 1326 1510 elegit
1349 1490 1359 1504 ‚
1382 1463 1440 1500 sed
1463 1475 1539 1500 orta

62 1491 249 1528 >dubietate
261 1518 273 1532 ,
292 1504 335 1529 an
345 1492 575 1542 Cappellanus
591 1509 762 1538 teneretur
773 1503 872 1539 Sacra
887 1505 1072 1551 applicare,
1086 1510 1173 1545 idem
1190 1510 1251 1545 Vir
1266 1511 1402 1546 Nobilis
1415 1511 1537 1548 Petrus

71 1538 267 1576 Garzonius
281 1553 392 1587 preces
404 1546 531 1581 obtulit
543 1549 648 1583 Sacro
659 1549 739 1585 huic
754 1550 938 1588 Tribunali
953 1581 964 1594 ,
987 1555 1111 1600 quibus
1125 1557 1270 1604 petebat
1285 1559 1382 1601 hujus
1398 1584 1407 1597 ‚
1432 1569 1536 1607 atque

71 1587 212 1628 alterius
225 1588 336 1625 Dubii
349 1589 607 1633 dissolutionem
620 1624 628 1632 .
655 1597 805 1635 Auditus
819 1599 1002 1650 Episcopus
1017 1602 1189 1652 respondit
1206 1607 1319 1643 verius
1333 1607 1441 1643 videri
1453 1632 1464 1647 ,
1489 1618 1528 1642 ut

60 1634 306 1680 Caopellanus
319 1638 358 1673 ad
372 1640 639 1688 applicationem
655 1656 721 1684 non
737 1655 890 1686 teneatur
903 1675 913 1686 .

24 1682 120 1720 Idem
135 1683 286 1736 disputat
297 1685 491 1727 Garzonius
502 1717 514 1731 ,
535 1696 621 1739 quod
635 1694 797 1733 Testator
809 1700 908 1734 Sacra
929 1700 981 1748 agi
995 1701 1130 1747 jusserit
1142 1732 1152 1746 ‚
1167 1715 1236 1741 non
1248 1715 1332 1741 vero
1345 1705 1444 1741 Saera
1457 1716 1533 1751 ap—

59 1731 188 1777 plicari
200 1746 213 1772 ς
234 1736 310 1769 dica
325 1736 424 1783 Messa
439 1740 512 1775 alla
523 1745 593 1777 mia
615 1744 728 1788 chiesa
741 1748 777 1781 di
792 1749 925 1794 Godego
938 1774 948 1786 ‚
972 1753 1057 1797 qual
1060 1753 1110 1795 sia
1139 1753 1291 1798 obligato
1308 1757 1387 1800 ogni
1409 1755 1532 1798 giorno

67 1782 123 1814 dir
138 1781 237 1827 Meffa
252 1783 289 1818 al
301 1785 368 1820 mio
382 1786 513 1824 altare
525 1791 639 1826 disan
651 1794 712 1836 ῆι).
729 1793 894 1835 Battista:
912 1797 1048 1843 longam
1062 1799 1127 1835 effe
1139 1799 1383 1840 differentiam,
1400 1809 1436 1834 ut
1457 1809 1533 1833 tra-

64 1827 150 1860 dunt
166 1839 235 1863 uno
246 1840 307 1864 ore
321 1831 408 1867 DD.
423 1859 442 1872 ‚‚
455 1833 547 1870 inter
562 1837 827 1876 celebrationem
840 1853 853 1879 ς
875 1843 907 1876 8<
923 1844 1190 1888 applicationem
1203 1847 1385 1881 Sacrorum
1403 1861 1411 1879 :
1437 1846 1538 1883 Cum

64 1875 106 1910 de
123 1876 355 1921 applicatione
369 1878 456 1915 nihil
470 1882 596 1918 dixerit
611 1910 620 1924 ,
643 1885 846 1921 censendum
858 1886 922 1922 effe
935 1890 1075 1927 noluisse
1089 1905 1167 1927 eum
1180 1893 1246 1928 hoc
1259 1904 1341 1927 onus
1356 1895 1533 1938 imponere

69 1921 286 1968 Cappellano
299 1952 310 1966 ,
324 1939 398 1974 quze
410 1930 576 1975 perpetua
586 1930 632 1966 est
648 1931 745 1968 Sacri
756 1933 857 1976 hujus
874 1933 1082 1974 Tribunalis
1101 1940 1270 1975 sententia
1284 1967 1294 1979 ‚
1309 1949 1347 1974 ut
1360 1944 1393 1975 in
1410 1947 1533 1985 Roma—

67 1982 111 2005 na
129 1973 386 2019 Applicationis
400 1975 432 2010 8.
447 1978 630 2014 Februarii
647 1988 735 2025 ¹7¹0
770 1982 806 2015 in
819 1987 1006 2018 Mantuana
1018 1988 1279 2034 ⁴Applicatiom‘s
1295 1988 1461 2028 sacrificii
1476 2000 1534 2031 19.

71 2019 288 2056 'Novembris
302 2022 393 2061 1718.
406 2026 440 2059 in
454 2027 657 2062 Camerinen-
679 2027 927 2065 celebrationis
955 2033 1126 2078 Miſjamm
1140 2035 1190 2069 18.
1215 2035 1358 2082 -Aprilis
1372 2045 1468 2081 1722.
1494 2040 1531 2072 in

64 2064 264 2104 'Novaria-n.
278 2078 333 2104 22.
355 2073 684 2119 ‘Novembris-1727.
697 2076 732 2110 in
747 2079 941 2112 Ferrarien.
962 2081 1219 2126 Applicatiom‘s
1233 2093 1277 2117 ti.
1296 2085 1400 2125 *junii
1422 2094 1522 2125 1729.

69 2117 166 2156 utque
179 2113 264 2151 alibi
277 2115 446 2162 saepiffime
460 2147 470 2160 ,
493 2120 605 2167 quue
619 2120 766 2167 amplius
779 2147 789 2161 ,
814 2133 894 2159 cum
908 2124 1013 2161 adsint
1026 2129 1225 2169 conjecturae
1238 2128 1428 2166 voluntatis
1463 2130 1531 2166 Ie-

68 2154 196 2207 statoris
209 2189 220 2203 ,
243 2164 352 2209 qualis
364 2166 426 2201 illa
439 2168 487 2203 est
497 2169 613 2204 educta
625 2180 667 2203 ex
682 2169 814 2204 ratione
827 2195 838 2209 ,
850 2171 883 2206 δι
896 2173 992 2207 causa
1005 2176 1148 2210 vetandi
1162 2195 1186 2215 ,·
1198 2188 1239 2211 ne
1255 2177 1425 2212 Sacerdos
1448 2178 1528 2213 offi-

68 2213 160 2240 cium
170 2207 374 2258 Cappellani
388 2214 511 2252 Curati
525 2215 668 2252 Plabani
682 2217 756 2253 ullo
768 2229 927 2264 umquam
943 2229 1095 2269 tempore
1105 2234 1264 2260 exercere
1284 2224 1390 2270 poss'et
1401 2243 1415 2251 —
1434 2234 1526 2273 per·

66 2252 127 2287 Che
144 2267 162 2286 a
175 2260 284 2301 questo
295 2266 388 2299 modo
402 2264 534 2309 visera*
548 2274 601 2301 tre
620 2264 715 2312 Meffe
732 2292 742 2306 ,
768 2270 811 2302 ὅν
825 2279 845 2301 a
858 2269 968 2314 quell’
982 2271 1073 2306 altro
1092 2273 1183 2307 modo
1196 2285 1262 2309 una
1270 2274 1346 2316 βία
1364 2291 1378 2297 -
1403 2274 1527 2319 quibus

67 2299 183 2337 verbis
195 2330 205 2343 ‚
229 2307 261 2341 &
272 2320 337 2355 qua
349 2312 479 2347 ratione
493 2311 701 2359 d:gnoscitur
715 2311 928 2350 Testatorem
943 2316 1101 2353 Ecclesiae
1118 2320 1249 2355 cultum
1265 2345 1276 2359 ,
1300 2320 1331 2354 δι
1343 2321 1525 2372 commoda.

66 2345 188 2394 Populi
204 2363 267 2398 prae
277 2357 387 2394 oculis
399 2359 546 2395 habuisse
558 2369 689 2396 tantum
704 2387 713 2401 ,
741 2371 811 2395 non
833 2362 1100 2408 applicationem
1129 2366 1296 2403 sacrificii
1312 2393 1322 2407 ,
1353 2376 1391 2402 ut
1418 2368 1527 2403 tradit

66 2397 245 2439 ‹Amostaz‚
259 2404 298 2438 de
316 2408 403 2452 caus.
419 2409 509 2452 Piifi
520 2407 621 2444 liba.
636 2419 745 2456 cap-3.
760 2410 840 2448 n.46
856 2434 867 2451 ,
882 2411 913 2445 δι
929 2412 1064 2447 Sacrum
1078 2413 1140 2449 hoc
1154 2413 1323 2450 Tribunal
1348 2418 1382 2450 in
1400 2418 1522 2452 Trica-

61 2442 183 2485 stinen,
198 2450 455 2496 Applisqcionis
473 2455 640 2499 sacrificii
654 2456 687 2491 8.
699 2455 849 2501 ,Aa—gusti
867 2469 960 2497 1711.
979 2471 990 2499 ,¹
1014 2463 1057 2495 (ΔΝ
1072 2463 1107 2496 in
1124 2464 1154 2497 d.
1172 2464 1366 2497 Ferraricn.
1382 2474 1435 2499 ιι.
1449 2466 1524 2507 {711—

67 2492 216 2536 nii1729
255 2497 411 2544 idipsum
426 2503 521 2537 educi
535 2501 737 2537 emanifesta
748 2500 932 2541 discretiva
949 2506 1108 2542 oratione
1121 2508 1311 2545 Testatoris
1327 2535 1337 2548 ‚
1349 2510 1408 2555 qui
1423 2536 1433 2550 ,
1460 2509 1519 2545 ubi

65 2538 184 2575 voluit
195 2542 458 2590 applicationem
471 2575 482 2588 ,
494 2561 569 2586 eam
581 2549 735 2596 expressit
749 2560 861 2596 aperte
875 2552 943 2588 alin
956 2565 1050 2600 parte
1064 2554 1278 2591 Testamenti
1293 2575 1324 2582 ·—
1340 2559 1421 2593 Alli
1426 2560 1525 2606 preti

65 2587 100 2620 df
112 2588 224 2633 questa
239 2596 340 2628 Terra
348 2594 398 2638 sia
421 2597 501 2630 data
517 2598 620 2642 lafiza
634 2599 822 2642 elemosj'na
835 2603 991 2644 conficeret
1004 2629 1014 2642 ‚
1042 2604 1227 2640 &cendomi
1239 2607 1312 2641 dire
1326 2605 1415 2655 delle
1432 2606 1521 2648 Mes-

57 2633 169 2679 ftper
180 2638 207 2672 l'
220 2641 331 2676 anima
344 2645 413 2678 mia
425 2660 462 2668 ——
476 2643 529 2677 Ac
541 2645 684 2690 denique
698 2646 885 2682 voluntatis
901 2648 1219 2695 interpretationem
1247 2652 1359 2686 haberi
1383 2661 1454 2687 tum
1481 2663 1524 2687 ex

66 2681 303 2721 consuetudine
317 2714 326 2727 ‚
353 2701 536 2735 numquam
549 2692 641 2726 enim
656 2691 866 2740 Cappellani
881 2696 981 2731 Sacra
996 2709 1055 2740 pro
1071 2698 1183 2733 anima
1207 2698 1400 2737 'sestatoris
1413 2700 1525 2748 appli-

66 2736 184 2764 carunt
197 2761 207 2774 ‚
229 2743 301 2770 tum
313 2747 354 2772 ex
368 2737 537 2773 tenuitate
552 2738 726 2783 stipendii,
756 2743 846 2785 quod
858 2754 928 2778 non
943 2745 1118 2791 respondet
1133 2755 1185 2780 tot
1201 2749 1359 2783 oneribus
1373 2759 1390 2782 a
1413 2746 1432 2781 1
1444 2746 1524 2781 cila-

51 2782 59 2786 ’
99 2794 109 2805 ι
768 2790 782 2822 ,Ι
811 2798 830 2820 2
1444 2804 1519 2829 tore
