1977 3028
1509 112 1549 141 23

88 147 177 182 vida
200 145 390 194 patientia,
421 159 486 193 qua
511 146 570 183 diu
600 148 705 182 minis
717 145 794 182 usus
808 144 917 183 fuerat
942 146 978 182 in
1003 147 1176 183 hominem
1187 147 1247 183 fibi
1262 149 1362 185 nimis
1386 159 1553 196 arrogan-

90 202 158 228 tem
171 221 182 234 ,
206 195 332 241 quique
346 193 474 231 famoso
488 195 608 232 libello
622 192 855 242 Sufl'raganeos
871 206 987 230 omnes
1002 196 1043 229 ad
1060 195 1258 231 seditionem
1286 198 1463 231 incendere
1489 208 1553 231 au-

89 238 144 276 sus
167 240 280 277 fuerat
297 267 308 281 ,
335 241 379 276 ad
404 242 646 279 vindicandum
665 244 721 284 jus
748 241 1077 286 Metropoliticum‚
1106 242 1284 289 laesamque
1303 244 1551 278 authoritatem

88 289 432 336 Archiepiscopalem
458 291 665 326 Executores
680 288 768 324 misit
783 289 817 323 in
834 288 1029 325 Civitatem
1047 288 1230 325 [aucensem
1249 315 1260 329 ,
1283 301 1319 325 ut
1337 292 1468 336 praevia
1483 302 1553 324 mo-

91 334 223 371 nitione
250 336 465 373 Provisorem
492 336 824 373 excommunicatum
848 337 1097 373 denunciarent
1121 335 1231 371 affixis
1248 338 1468 373 Cedalonihus
1494 348 1552 383 per

93 383 171 418 loca
191 384 331 429 publica
357 383 547 420 Civitatis.
573 384 739 419 Adventu
764 383 1017 429 Exequutorum
1048 384 1183 419 latitare
1197 384 1299 429 caepit
1321 384 1479 419 Provisor
1492 387 1553 419 de-

92 430 281 466 clinaturus
306 430 517 476 personalem
541 431 763 469 citationem;
788 430 919 465 neceffe
946 431 1061 477 itaque
1076 430 1140 465 fuit
1157 432 1308 464 eumdem
1326 430 1417 465 domi
1445 430 1553 466 citare

95 488 192 512 tanta
207 478 334 514 Fratris
350 478 444 514 illius
469 478 610 515 audacia
625 505 636 519 ,
659 488 694 513 ut
707 489 860 514 carceres
873 479 1030 514 minitari
1056 477 1154 513 ausus
1168 476 1270 520 fuerit
1283 479 1437 513 omnibus
1450 503 1460 517 ,
1491 481 1553 526 qui

96 528 343 572 expedirentur
369 538 388 559 a
412 530 555 564 Domino
577 527 845 573 Metropolitano
860 553 870 567 ‚
893 534 933 563 Θ
962 538 1035 561 cnm
1059 539 1096 574 ρο
1121 534 1189 560 met
1203 549 1214 563 ,
1228 525 1258 567 si
1275 527 1418 560 auderet
1433 528 1554 571 perse-

94 574 225 608 naliter
245 576 368 610 venire
380 577 422 608 ad
441 575 618 617 faciendas
641 575 780 620 aliquas
804 575 1005 619 dilt'gentias
1021 597 1032 611 ,
1058 574 1198 617 ideoque
1224 571 1452 607 Commissaru'
1479 575 1554 608 Ar-

92 618 299 665 chiepiscopi
319 620 523 655 Provisorem
549 620 683 668 publice
709 620 1046 657 excommunicatum
1059 621 1273 655 declararunt
1287 619 1397 656 affixis
1419 622 1555 657 (edalo-

95 666 195 702 nibus
209 666 245 701 in
271 667 358 703 locis
372 668 514 713 publicis
529 695 541 708 ,

49 710 150 749 Nihil
176 724 366 749 commotus
382 714 562 756 Provisor,
587 715 694 760 spreta
720 714 948 752 declaratoria
972 715 1338 751 excommunicationis
1360 741 1370 753 ‚
1406 713 1559 756 Jurisdi-

95 761 241 796 ctionem
253 772 432 802 exercere,
459 764 565 798 choro
589 763 766 804 interesse,
790 765 823 799 &
841 763 933 799 sacra
958 774 1054 810 agere
1068 763 1163 797 ausus
1186 762 1253 801 est,
1279 763 1330 804 jus
1352 762 1408 797 fibi
1437 763 1555 798 dicens

93 808 196 845 etiam
212 808 254 843 de
268 809 412 844 censuris
432 821 558 857 magno
571 810 724 846 scandalo
747 810 907 846 universae
920 809 1199 856 Compostellanae
1223 809 1413 845 Provinciae
1431 839 1438 846 .
1468 811 1557 845 Fru-

93 855 157 891 stra
171 855 320 892 censurae
333 868 527 903 aggravatae
541 885 551 898 ,
577 859 607 893 &
623 868 847 905 reaggravatae
867 857 1002 894 fuerunt
1015 869 1033 891 a
1047 856 1153 891 Curia
1165 856 1439 901 Metropolitana
1451 869 1464 895 3
1490 869 1558 892 non

94 902 231 948 resipuit
253 901 432 943 Provisor,
459 904 511 940 sed
537 908 715 942 Cedulones
729 906 802 948 ejus
824 908 982 940 mandato
997 902 1097 940 defixi
1112 903 1270 942 fuerunt,
1293 904 1325 939 8<
1342 903 1558 940 licetiterum

95 950 189 985 affixi
206 949 330 986 fuerint
343 978 354 991 ,
378 952 566 998 impavidus
581 952 740 988 provisor
762 953 896 987 nullum
909 950 1114 987 obedientiae
1128 977 1139 990 ,
1163 951 1296 985 nullum
1322 950 1558 996 refipiscentiae

93 995 225 1044 signum
240 998 391 1044 praestitit
402 1021 415 1032 .
443 999 490 1034 Ut
508 1000 610 1047 igitur
623 1000 760 1036 durities
775 1000 844 1036 haec
861 999 1049 1035 Provisoris
1066 998 1236 1043 frangatur
1248 1024 1258 1037 ,
1287 999 1471 1034 Promotor
1487 998 1559 1033 fis-

93 1045 177 1080 calis
188 1044 476 1090 Metropolitanae
487 1046 602 1083 Curiae
615 1048 768 1083 eumdem
782 1047 994 1082 Provisorem
1009 1047 1042 1080 in
1057 1049 1114 1086 lus
1124 1045 1265 1080 vocavit
1287 1057 1402 1081 coram
1415 1046 1494 1082 ΚΡ.
1509 1047 1557 1083 Ι).

92 1092 262 1127 Auditore
289 1092 508 1134 Sanctiffimi,
537 1103 575 1130 ut
597 1096 828 1131 declararetur
843 1106 920 1129 eum
947 1091 1097 1128 incidisse
1121 1091 1156 1126 in
1171 1103 1290 1138 poenas
1304 1104 1322 1128 a
1347 1092 1458 1127 Sacris
1479 1094 1557 1129 Ca-

91 1139 242 1174 nonibus
266 1138 406 1175 statutas
431 1141 587 1178 adversus
612 1154 670 1178 eos
686 1168 697 1182 ,
722 1142 779 1188 qui
803 1143 838 1177 in
862 1141 1012 1177 censuris
1041 1139 1266 1174 insordescunt
1296 1164 1307 1174 .
1333 1138 1428 1175 Data
1454 1140 1555 1176 suita

91 1184 141 1221 R.
154 1184 191 1220 P.
204 1186 254 1221 D.
274 1186 450 1230 Auditore
467 1189 668 1225 Sanoiffimi
693 1190 744 1226 rei
770 1188 928 1234 cognitio
953 1186 1173 1233 Amplissimis
1198 1185 1351 1221 Patribus
1374 1214 1384 1226 ‚
1410 1188 1439 1222 ἃ
1465 1188 1556 1224 Pro-

93 1232 188 1268 visor
211 1244 255 1268 ne
279 1233 523 1278 absolutionem
545 1237 681 1282 quidem
694 1239 737 1272 ad
762 1237 957 1272 canthelam
987 1235 1146 1269 haetenus
1174 1232 1272 1277 petiit
1296 1258 1306 1268 .
1332 1234 1418 1269 Duo
1440 1233 1556 1282 itaque

94 1280 195 1315 dubia
220 1289 458 1325 proponuntur
484 1310 492 1318 .
520 1284 552 1318 &
576 1284 717 1329 longum
740 1283 840 1318 nimis
862 1280 941 1317 esset
963 1283 1113 1318 rationes
1135 1281 1298 1326 colligere
1321 1281 1389 1326 post
1414 1282 1554 1328 longam

96 1326 174 1362 faeti
198 1327 429 1362 narrationem
453 1341 461 1361 ε
488 1329 621 1376 Legent
647 1342 702 1366 eas
731 1330 986 1366 Eminentiffimi
1007 1330 1128 1363 Patres
1158 1328 1192 1362 in
1217 1327 1336 1363 libello
1369 1327 1555 1366 Promoto-

92 1374 142 1409 1is
167 1373 307 1410 Fiscalis
328 1373 447 1411 Curiae
463 1376 770 1425 Metropolitanae3
795 1376 883 1413 nihil
897 1377 987 1413 enim
1012 1376 1191 1411 habuimus
1206 1386 1224 1409 a
1243 1373 1442 1413 Provisore.
1470 1378 1553 1413 Du-

93 1421 162 1456 bua
188 1420 264 1456 sunt
283 1449 292 1458 .

45 1468 76 1506 I.
100 1474 159 1504 An
186 1470 330 1512 censiarae
339 1470 594 1515 fhbstineantttr
609 1476 644 1510 in
668 1476 742 1520 casu
755 1480 829 1514 &a
849 1475 882 1512 δι
895 1481 1060 1521 quatenus
1082 1470 1247 1520 negative
1261 1494 1274 1506 .

45 1515 94 1553 11.
121 1521 179 1551 An
185 1514 232 1558 fit
243 1517 340 1552 locus
362 1530 457 1555 novae
470 1521 705 1560 declaratoriae
723 1525 940 1570 censurarum
964 1525 998 1558 in
1014 1522 1090 1567 casu
1103 1526 1182 1557 &c-

139 1610 319 1658 Negative
335 1613 382 1650 ad
394 1622 575 1662 utrumque
585 1642 594 1657 ,
625 1617 658 1652 ὃς
673 1616 880 1656 Procurator
905 1615 1061 1654 Lucensis
1081 1624 1256 1652 moneatus
1270 1615 1282 1658 j
1287 1624 1364 1652 uxta
1377 1626 1528 1654 mentem
1542 1642 1557 1656 .

47 1706 126 1790 C
141 1707 450 1745 ONVERSANA
483 1709 880 1753 JURISDICTIONIS
908 1727 918 1747 ε
955 1712 1125 1749 Dedimus
1153 1711 1238 1746 hanc
1263 1710 1410 1748 Causam
1434 1740 1446 1754 ,
1479 1723 1555 1757 quae

127 1801 133 1806 ·
153 1753 297 1792 XXVI.
313 1756 444 1792 Dubiis
456 1758 596 1794 collecta
616 1757 709 1796 estin
734 1765 827 1799 Folio
849 1761 1124 1809 Congregationis
1149 1757 1276 1793 habitae
1291 1761 1344 1796 die
1358 1771 1412 1805 13·
1426 1759 1553 1795 transa-

93 1803 134 1836 cti
150 1801 270 1852 Mensis
284 1807 436 1843 Martii.
460 1804 514 1841 sed
527 1817 567 1840 ea
578 1806 637 1841 die
650 1809 795 1855 proponi
807 1821 873 1844 non
889 1810 1002 1857 potuit
1016 1821 1027 1841 ε
1053 1806 1270 1843 Dilationem
1286 1809 1447 1852 petebant
1463 1807 1555 1841 Car-

92 1847 221 1901 melitae
236 1875 247 1889 ‚
270 1848 325 1886 sed
340 1853 402 1886 hac
420 1851 590 1899 temporis
610 1857 796 1890 accessione
811 1856 926 1901 parati
951 1854 1086 1889 fortasse
1098 1861 1201 1887 erunt
1229 1854 1269 1886 ad
1281 1865 1428 1900 pugnam
1446 1881 1456 1892 .
1489 1854 1556 1889 Su-

46 1941 62 1979 l
93 1896 252 1940 bjicimus
266 1897 382 1945 itaque
395 1898 512 1935 Dubia
526 1899 570 1934 ab
583 1900 855 1939 Eminentiffimis
866 1901 1023 1938 Patribus
1035 1897 1244 1946 expedienda
1256 1924 1264 1933 .

65 1968 76 1979 ι
100 1951 159 1980 §An
171 1948 249 1982 &CO

140 2040 266 2078 Dilata
280 2068 292 2083 ,
316 2042 350 2080 ὰ
366 2039 577 2092 proponatur
589 2046 732 2085 omnino
750 2045 787 2085 in
801 2044 955 2096 sequenti
970 2067 983 2083 ι

116 2134 279 2173 ΑΝΟΤΙ
308 2138 474 2174 MARCl
501 2140 802 2179 SOLUTIONIS
826 2141 1057 2191 QUARTAE
1085 2140 1425 2180 DECIMARUM=
1452 2142 1552 2179 Licet

127 2182 245 2237 Clerus
269 2211 282 2226 ‚
306 2188 340 2221 8<
365 2186 574 2224 Parochialis
601 2191 749 2226 Ecclefia
778 2192 904 2239 Oppidi
929 2189 1188 2226 Mattofellonis
1219 2189 1416 2227 Dioeceseos
1441 2190 1553 2226 Sancti

94 2230 204 2266 Marci
217 2243 261 2268 ex
287 2233 445 2269 Decimis
458 2261 469 2274 ‚
492 2247 564 2281 quae
581 2248 598 2271 a
620 2237 767 2275 Civibus
781 2238 957 2274 solvuntur
972 2265 982 2279 ‚
1007 2236 1115 2275 nonisi
1129 2237 1276 2273 tumulos
1291 2238 1434 2285 triginta
1452 2239 1555 2285 quin-

93 2288 157 2329 que
177 2276 340 2316 frumenti
353 2283 532 2328 quotannis
546 2284 732 2331 percipiant
744 2312 754 2326 ‚
783 2297 826 2322 ex
842 2286 894 2321 his
914 2294 1027 2321 tamen
1040 2284 1233 2331 quindecim
1247 2284 1374 2331 praestat
1392 2286 1556 2333 Episcopo

91 2333 227 2360 ratione
241 2336 366 2379 quarta:
380 2329 605 2367 Decimarum
629 2333 738 2368 eidem
762 2333 912 2370 debitae.
935 2331 1126 2369 Postulavit
1149 2332 1265 2379 itaque
1278 2332 1407 2368 Clerus
1428 2335 1468 2368 ab
1488 2334 1554 2367 boc

92 2372 199 2407 Sacro
217 2371 407 2424 'Trlbunali
423 2403 432 2416 ‚
456 2385 493 2412 ut
509 2377 580 2415 haec
593 2391 703 2416 annua
723 2380 893 2427 praestatio
906 2380 1122 2417 minueretur
1148 2380 1188 2414 ad
1204 2378 1428 2424 quantitatem
1444 2389 1463 2415 a
1476 2380 1553 2420 lure

91 2417 298 2471 praefinitam
311 2447 320 2457 .
347 2423 495 2460 Auditus
508 2425 694 2475 Episcopus
713 2427 882 2473 respondit
907 2438 990 2464 vera
1006 2429 1076 2463 haec
1096 2422 1181 2466 esse,
1209 2426 1261 2462 sed
1281 2427 1429 2462 redditus
1448 2427 1553 2461 Men·

91 2467 131 2500 Le
156 2466 493 2523 Episcopatus-tenues
504 2473 592 2515 effe,
617 2476 647 2510 &
670 2476 874 2524 inaequalem
901 2473 1150 2519 praestationem
1166 2473 1262 2515 huius
1284 2483 1415 2520 quartae
1444 2473 1553 2508 Deci·

90 2523 222 2549 marum
244 2527 257 2555 ‚-
278 2515 440 2561 plurimas
463 2520 554 2555 enim
580 2522 644 2558 suae
667 2523 870 2559 Dioeceseos
894 2520 1086 2559 Parochias
1107 2529 1262 2556 numerat
1278 2546 1287 2560 ,
1313 2532 1386 2566 quae
1412 2529 1553 2556 tenuem

91 2558 250 2613 frumenti
278 2564 467 2609 portionem
485 2568 642 2614 praestant
666 2596 676 2610 ,
703 2570 786 2607 licet
819 2571 963 2607 maxima
980 2569 1042 2611 sit,
1072 2579 1171 2615 quarn
1199 2567 1330 2609 titulo,
1353 2569 1386 2603 St
1412 2567 1554 2604 nomine

90 2606 314 2664 neumarum
340 2612 563 2661 percipiunt.-
589 2616 740 2665 Colligit
764 2619 868 2666 igitur
888 2619 949 2655 vel
974 2617 1219 2653 immutandum
1246 2614 1305 2660 effe
1324 2614 1453 2656 statum
1479 2627 1555 2651 07η·-

90 2666 182 2690 mum
205 2662 438 2697 Paraeciarum
456 2686 466 2700 ‚
486 2666 529 2699 Θ
544 2665 589 2699 ad
614 2677 714 2700 unam
730 2689 741 2704 ‚
765 2669 978 2711 eamdemque
1006 2667 1176 2700 rationem
1207 2664 1424 2699 reducendam
1441 2689 1452 2703 ,
1488 2674 1553 2695 au·

85 2704 197 2759 genti-⁰
212 2715 326 2754 nempe
342 2710 412 2752 {Jus
441 2720 572 2755 quartae
596 2712 631 2746 in
660 2713 745 2748 aliis
767 2713 956 2750 Parochiis
975 2706 1223 2760 pinguioribus
1243 2713 1358 2748 eadem
1383 2714 1518 2746 ratione
1542 2733 1555 2747 2

89 2759 155 2796 qua
168 2763 203 2786 m
221 2754 324 2790 Terra
345 2757 599 2799 Mattofellonis
612 2758 721 2796 minui
745 2764 932 2809 contigerit
946 2785 959 2801 ,
986 2762 1046 2797 vel
1062 2763 1099 2796 in
1120 2757 1189 2793 illa
1208 2782 1219 2798 .
1229 2755 1317 2801 ficut
1335 2761 1379 2796 &-
1395 2760 1429 2795 in
1443 2758 1554 2843 27ηηί-

1467 2815 1508 2838 us
