1978 3017
41 2507 115 2539 5ἶὲνῖ
144 2514 195 2549 ⁸³2²*
214 2515 243 2538 C·
256 2508 292 2540 60

18 2567 55 2585 δῦ
90 2573 98 2588 1:
111 2554 126 2581 ’ἦ
147 2554 293 2599 ·.τέ-”ᾆ.25’ρ

19 2581 87 2644 'sy

113 2610 149 2635 Μ’
167 2601 239 2646 :uf-

355 189 484 226 unione
507 184 662 220 secedere
677 209 685 222 ‚
713 183 744 216 ὃς
761 181 956 226 portionem
982 177 1074 212 suam
1088 180 1294 212 decuriarum
1308 187 1412 222 opera
1429 177 1478 210 sui
1495 176 1733 211 Procul-Moris
1749 174 1825 210 col-

355 236 441 282 legit
457 261 465 274 ,
497 231 714 276 servavitque
736 229 827 263 hunc
842 238 971 262 rnorem
987 251 996 264 ,
1022 224 1134 260 donec
1163 223 1301 258 duravit
1317 223 1358 257 lis
1372 249 1381 261 ,
1407 235 1471 269 qua
1488 224 1628 257 tandein
1656 223 1730 268 post
1747 224 1826 268 plu-

353 295 403 320 res
424 291 530 317 annos
545 278 724 313 secundum
740 276 944 322 Capitulum
970 272 1125 307 absoluta
1142 296 1152 309 ‚
1176 273 1301 305 iterum
1325 270 1451 305 unitim
1465 281 1483 304 a
1507 271 1638 304 duobus
1658 270 1823 304 Procura-

352 330 489 366 toribus
508 325 669 372 Episcopi
683 335 827 371 nempe,
849 320 1052 366 &Capituli
1077 319 1217 354 decimae
1244 318 1392 353 coneum
1419 318 1577 353 suerunt.
1605 318 1666 350 Sed
1689 329 1765 351 cnm
1791 327 1825 351 re

349 377 504 421 judicata
520 374 773 420 necquicquam
800 370 976 408 obstante,
1002 366 1139 412 plurimi
1163 378 1204 401 ex
1238 364 1426 411 Oppidanis
1458 365 1625 399 dictorum
1653 362 1826 399 Locorum

348 424 502 461 decimas
522 421 689 466 Capitulo
715 419 851 453 tradere
877 415 1079 452 recusassent
1104 441 1114 455 ‚
1146 412 1334 459 Episcopus
1361 413 1483 448 iterum
1508 412 1705 457 portionem
1735 409 1825 445 suam

348 482 453 517 opera
470 469 519 506 sui
543 467 780 503 Procuratoris
806 464 927 511 exegit
946 491 956 503 ‚
984 462 1104 498 frustra
1123 460 1314 507 postulante
1337 460 1508 505 Capitulo
1526 484 1535 498 ,
1561 468 1597 493 ut
1623 459 1662 492 ad
1681 457 1827 493 societa—

351 529 424 553 tem
443 544 452 558 ‚
479 518 511 552 δι
530 515 694 551 unionem
710 513 857 547 rediret:
883 511 944 556 qui
961 510 1092 555 sequuti
1106 509 1182 544 sunt
1196 507 1348 554 Episcopi
1371 508 1521 542 eamdem
1545 506 1743 540 methodum
1758 531 1768 544 ,
1795 505 1826 538 &

349 567 443 602 viam
461 572 647 599 tenuerunt
672 587 682 602 ‚
706 570 829 605 magno
854 558 1020 606 Capituli
1039 557 1247 592 detrimento
1261 583 1270 596 ‚
1298 555 1451 602 cuipenc
1482 565 1602 589 omnes
1622 551 1799 600 Oppidani
1817 578 1827 592 ‚

352 613 464 659 spreta
479 622 513 645 re
542 608 696 654 judicata
714 635 724 648 ,
743 607 890 643 decimas
906 605 1042 642 tradere
1055 603 1213 640 recusant
1227 627 1238 639 .

304 661 378 708 Qi
394 669 484 695 nunc
511 654 666 692 Ecclefiae
681 655 734 692 illi
748 653 892 701 praeest,
916 652 1108 700 Episcopus
1123 679 1133 692 ‚
1160 651 1243 686 licet
1257 651 1447 696 plurimum
1461 654 1571 697 egerit
1585 659 1644 683 ore
1661 673 1671 687 ‚
1698 647 1728 683 δι
1744 645 1827 681 scri-

351 706 425 755 ptis
441 732 452 745 ,
479 714 519 740 ut
534 703 680 740 dccimae
695 704 739 737 ab
752 701 942 747 oppidanis
956 699 1213 736 contumacibus
1231 697 1450 734 solverentur
1464 724 1475 737 ‚
1499 695 1615 731 noluit
1632 704 1745 729 tamen
1760 705 1830 726 mo-

351 766 424 790 rem
442 754 544 788 illum
561 750 741 796 antiquum
755 749 904 785 decimas
916 748 1040 783 unitim
1056 759 1133 783 cum
1154 746 1327 791 Capitulo
1341 744 1524 790 colligendi
1538 743 1720 778 observare
1733 766 1744 780 ‚
1769 737 1829 777 nisi

351 814 392 836 ea
406 802 484 847 lege
499 825 510 839 ,
536 799 568 834 &
582 796 783 833 conditione
797 795 1040 841 percipiendi,
1064 795 1153 829 ultra
1168 792 1355 827 dimidiam
1372 801 1501 838 partem
1513 817 1525 830 ,
1556 791 1641 824 alias
1654 789 1754 824 libras
1777 799 1829 827 50-

352 847 495 894 fingulis
520 845 645 883 annis3
669 844 768 883 auxit
783 843 860 878 inde
884 854 941 877 eas
959 843 1000 876 ad
1027 841 1224 877 libi-asmo.
1240 838 1333 874 Cum
1358 849 1440 874 vero
1469 849 1557 872 anno
1589 847 1691 882 1743.
1715 847 1756 869 ne
1778 835 1830 869 his

353 896 494 943 quidem
511 893 614 928 libris
633 904 711 929 100.
725 900 908 926 contentus
928 888 1013 924 esset
1029 914 1040 928 ‚
1059 888 1207 934 aliasque
1222 887 1314 933 leges
1332 913 1342 926 ,
1367 887 1401 921 8<
1417 884 1633 921 conditiones
1648 880 1803 917 societati
1822 909 1832 922 ‚

354 945 389 978 &
412 940 654 978 communioni
672 938 821 974 indicere
843 937 954 973 vellet
967 963 977 976 ‚
998 948 1081 982 quas
1096 935 1304 982 Capitulum
1319 932 1489 969 recusavit
1503 957 1513 970 ,
1533 931 1625 966 solus
1642 929 1832 976 portionem

354 989 449 1026 suam
476 987 691 1024 decimarum
719 985 893 1030 collegit:
919 984 1167 1019 Procuratores
1187 993 1300 1017 veroa
1331 980 1500 1027 Capitulo
1523 977 1749 1014 eleClinihil‚
1777 986 1833 1011 aut

353 1048 443 1084 pene
458 1035 550 1073 nihil
562 1046 582 1068 a
595 1032 867 1068 contumacibus
894 1030 1086 1078 Oppidanis
1099 1031 1241 1076 exigere
1262 1037 1450 1074 potuerunt
1464 1052 1474 1064 .
1499 1026 1550 1061 Ut
1565 1026 1643 1061 huic
1658 1026 1749 1059 malo
1762 1034 1833 1058 me-

356 1083 508 1120 dicinam
534 1090 670 1127 pararet
692 1078 898 1126 Capitulum
919 1103 930 1116 ‚
960 1088 1072 1121 preces
1098 1076 1231 1113 obtulit
1260 1075 1493 1112 Sacratiffimo
1519 1073 1675 1120 Principi
1702 1070 1835 1110 nostro,

357 1130 485 1177 quibus
513 1128 708 1175 postulabat
733 1151 744 1165 ‚
772 1134 809 1160 ut
834 1125 1103 1171 compelleretur
1124 1123 1306 1169 Episcopus
1330 1125 1370 1158 ad
1393 1122 1565 1168 antiquam
1593 1121 1754 1155 unionem
1777 1130 1837 1153 re-

357 1179 459 1213 dire.
489 1177 548 1212 De
563 1176 628 1211 hac
643 1171 877 1221 postulatione
905 1173 985 1207 data
1004 1172 1073 1208 fuit
1089 1171 1135 1208 ab
1153 1170 1301 1217 Optimo
1324 1169 1481 1214 Principe
1505 1167 1662 1214 cognitio
1679 1166 1839 1201 Eminen-

359 1224 492 1260 tiffimis
510 1224 664 1259 Patribus
677 1248 687 1261 ‚
718 1232 737 1255 a
752 1220 876 1267 quibus
896 1219 1030 1256 auditus
1046 1218 1109 1255 fuit
1129 1217 1316 1265 Episcopus
1333 1242 1344 1256 ,
1368 1217 1427 1265 qui
1444 1214 1569 1252 Mensa:
1596 1214 1659 1250 sure
1688 1214 1838 1248 rationes

360 1274 430 1309 late
443 1271 616 1318 collegit.
640 1270 795 1305 Vocatus
818 1268 855 1304 in
867 1268 924 1310 Jus
947 1267 1128 1305 Promotor
1145 1265 1286 1301 Fiscalis
1306 1265 1428 1302 mensae
1451 1261 1666 1308 Episcopalis
1681 1272 1753 1296 non
1776 1270 1838 1294 ve—

361 1320 439 1359 nit,
468 1331 580 1365 eoque
593 1317 704 1355 adhuc
719 1324 946 1355 contumace,
969 1314 1081 1351 Causa
1105 1313 1305 1360 proponitur
1330 1339 1340 1352 ,
1366 1312 1557 1356 disputante
1571 1308 1745 1354 Capitulo
1773 1317 1839 1341 co-

360 1368 509 1414 gendum
534 1364 600 1401 effe
622 1364 825 1410 Episcopum
848 1363 889 1399 ad
914 1362 1095 1408 antiquum
1118 1373 1248 1397 morem
1277 1359 1389 1396 redire
1403 1358 1552 1396 decimas
1578 1356 1701 1392 unitim
1733 1354 1837 1390 colli·-

360 1414 490 1461 gendi,
516 1412 598 1459 quia
613 1411 646 1447 id
673 1410 792 1454 iubeat
809 1410 1095 1447 immemorabilis
1111 1436 1121 1450 ,
1145 1419 1183 1445 ut
1197 1407 1333 1447 asserit,
1360 1406 1414 1442 sed
1425 1416 1526 1452 quam
1539 1404 1662 1439 Testes
1677 1414 1743 1437 non
1763 1411 1838 1448 pro-

363 1464 471 1503 bant,
497 1459 734 1498 consuetudo,
757 1469 856 1506 equa
882 1458 940 1502 Jus
966 1468 1081 1494 natum
1097 1457 1136 1494 sit
1160 1455 1333 1504 Capitulo
1358 1452 1520 1492 vetandi,
1545 1464 1587 1487 ne
1602 1462 1621 1486 a
1646 1449 1809 1486 societate
1826 1473 1837 1487 ,

363 1518 467 1556 atque
493 1508 624 1544 unione
637 1506 787 1543 discedat
802 1532 814 1547 ,
838 1505 1030 1552 praesertim
1046 1532 1056 1546 ,
1081 1517 1159 1542 cum
1185 1505 1255 1540 haec
1280 1503 1416 1539 secefflo
1441 1501 1507 1537 hoc
1531 1499 1645 1535 eidem
1667 1495 1840 1542 Capitulo

363 1556 616 1592 detrimentum
632 1554 743 1594 ferat,
769 1563 809 1589 ut
837 1552 1013 1600 postquam
1035 1554 1181 1589 decimas
1204 1551 1320 1597 exegit
1350 1549 1556 1595 Episcopus,
1584 1544 1754 1591 liquidare
1783 1554 1841 1577 ne-

365 1612 472 1649 queat
485 1603 697 1651 Capitulum
715 1628 726 1642 ,
755 1601 836 1648 quid
852 1600 983 1648 reliqui
997 1601 1137 1638 nomine
1155 1599 1376 1646 praessandum
1389 1597 1429 1632 sit
1445 1596 1490 1631 ab
1514 1592 1706 1641 Oppidanis
1725 1619 1733 1628 .
1770 1589 1842 1624 Vi-

366 1653 471 1686 deant
487 1661 604 1686 autem
620 1648 880 1691 Eminentiffimi
906 1649 1022 1687 Patres
1036 1675 1047 1689 ,
1075 1660 1118 1683 an
1139 1649 1211 1683 haec
1224 1645 1314 1681 tanti
1329 1644 1392 1679 slnt
1406 1669 1417 1685 ,
1442 1653 1481 1678 ut
1497 1641 1676 1678 recedatur
1691 1651 1710 1674 a
1723 1636 1840 1683 regula

366 1697 452 1750 iuris
469 1725 478 1739 ‚
503 1711 578 1744 quae
593 1698 671 1736 vult
697 1697 849 1733 invitum
877 1697 1050 1732 neminem
1084 1696 1161 1742 cogi
1184 1692 1300 1740 posse,
1323 1702 1361 1728 ut
1377 1691 1412 1726 in
1426 1690 1610 1727 societate,
1631 1684 1665 1723 ’ὅτ
1687 1696 1841 1721 commu-

367 1757 476 1782 mone
494 1745 533 1780 sit
550 1772 560 1785 ,
589 1743 770 1788 praesertim
784 1743 806 1777 si
820 1754 838 1778 e
862 1742 1029 1778 societate
1050 1768 1059 1782 ‚
1084 1744 1114 1778 ἃ
1147 1739 1385 1777 communione
1401 1735 1600 1773 detrimenti
1626 1733 1756 1780 aliquid
1781 1743 1841 1767 ca·-

368 1794 441 1840 piat
457 1817 468 1831 ‚
496 1794 528 1828 ἃ
547 1792 618 1839 post
643 1802 720 1825 uam
734 1792 775 1825 ab
797 1801 887 1824 anno
906 1791 1008 1833 1716.
1022 1788 1163 1826 societas
1177 1788 1249 1823 haec
1262 1813 1272 1827 ,
1302 1787 1334 1821 &
1348 1785 1543 1820 communio
1571 1780 1756 1818 exactionis
1776 1780 1842 1814 dc-
1864 1797 1867 1801 ·

369 1840 562 1924 zimaram?
587 1852 629 1921 vg
657 1836 813 1874 dissoluta
829 1863 840 1878 ,
865 1838 925 1876 vel
938 1836 1061 1873 saltem
1075 1837 1269 1885 interrupta
1282 1833 1351 1870 fuit
1367 1859 1378 1872 .
1401 1833 1517 1869 Unum
1532 1829 1579 1868 est
1594 1831 1733 1878 longum
1747 1825 1842 1873 equi·

395 1901 448 1924 em
498 1899 540 1923 au
558 1900 583 1923 te
631 1895 713 1934 aput
727 1911 738 1923 .

324 1939 386 1975 'An
413 1942 627 1973 ‘Procurator
644 1934 761 1978 Menfie
783 1934 995 1982 Episcopalis
1017 1930 1326 1975 Albintimilienfis
1352 1937 1512 1967 teneatur
1535 1925 1738 1972 conjunc‘rim
1765 1933 1837 1958 cum

372 1992 610 2022 :procuratore
634 1982 784 2030 Capitale
799 1981 948 2026 ejusdem
977 1979 1193 2016 eathedralis
1210 1980 1377 2024 colligere
1402 1979 1550 2013 decimas
1565 1973 1607 2009 ab
1625 1974 1697 2009 οὲἶο
1715 1971 1812 2006 Locis
1827 1994 1838 2009 ,

371 2035 536 2069 nimirum
551 2030 775 2076 Bordtjghiera
793 2055 804 2068 ,
837 2035 930 2065 Saxo
948 2054 958 2068 ,
986 2029 1176 2073 Burghetto
1197 2053 1206 2066 ‚
1232 2026 1458 2064 Vallecroxia
1474 2050 1484 2064 ,
1513 2022 1655 2058 soldano
1673 2045 1683 2058 ‚
1708 2024 1742 2053 S.
1756 2017 1838 2052 Bla-

363 2081 413 2124 fio
429 2104 439 2118 ‚
466 2082 509 2115 Θ
527 2083 645 2125 Campo
668 2077 783 2123 Rgtbeo
796 2101 807 2117 ,
830 2077 953 2124 easque
974 2078 1128 2121 integras
1144 2086 1306 2121 reponere
1328 2074 1439 2111 inuno
1453 2097 1464 2111 ,
1484 2073 1666 2114 eodemque
1691 2066 1810 2101 horreo
1827 2088 1837 2101 ,

371 2124 534 2166 &finita
549 2125 790 2161 recollecrione
812 2146 822 2162 2
842 2132 909 2171 pro
934 2124 1122 2161 medietate
1146 2122 1329 2158 dividere,
1358 2131 1458 2157 unam
1475 2126 1541 2167 pro
1555 2117 1593 2160 fi:
1619 2114 1808 2160 recipiendo
1825 2136 1835 2149 ,

370 2174 521 2210 alteram
534 2184 619 2208 vero
635 2175 856 2209 medietatem
869 2171 1092 2217 relinquendo
1101 2178 1166 2217 pro
1181 2167 1457 2215 Capitulojuxta
1468 2168 1648 2210 antiquum
1666 2162 1808 2205 solitum
1823 2183 1833 2197 ²

370 2225 416 2258 Θ·
432 2221 649 2261 consuetum3
671 2221 731 2264 seu
741 2219 861 2266 potius
879 2220 987 2256 eidem
1005 2219 1236 2253 ‘Procuratori
1259 2216 1377 2259 Mensae
1400 2208 1610 2261 Eptfiopalis
1636 2209 1742 2245 liceat
1765 2219 1836 2243 me-

370 2269 537 2304 dietatem
552 2268 722 2301 ditvarum
735 2269 955 2301 Decimarum
971 2265 1112 2313 exigere
1122 2263 1313 2312 apraefatis
1331 2265 1403 2300 οὲἳο
1415 2258 1698 2306 Locissiejunffim
1713 2269 1733 2290 a
1746 2261 1837 2290 Pro-

369 2323 531 2355 curatore
547 2314 709 2365 Capituli
732 2317 766 2350 in
780 2313 857 2358 casu
876 2318 951 2351 &ct

414 2410 545 2449 Dilata
559 2410 599 2445 ad
619 2407 840 2460 sequenterm

377 2504 567 2557 ANUEN.
593 2503 1062 2541 CAPPELLANIARUM
1083 2516 1093 2538 π
1119 2503 1217 2539 Licet
1239 2501 1467 2540 Codicillaris
1488 2497 1665 2546 dispositio
1684 2493 1736 2547 ‘pii
1766 2490 1836 2543 viri

386 2553 529 2593 loannis
541 2552 726 2604 Augustini
743 2552 1098 2599 Cappellanipluries
1120 2553 1197 2586 data
1222 2551 1327 2588 fuerit
1351 2552 1386 2586 in
1409 2551 1474 2585 hoc
1498 2549 1601 2582 Sacro
1624 2538 1810 2577 Tribunalt
1826 2563 1835 2576 ,

368 2607 408 2634 ut
420 2599 576 2646 cognosci
593 2600 699 2645 potest
713 2613 755 2637 ex
775 2602 880 2644 foliis
898 2602 1210 2647 congregationum
1224 2626 1235 2640 ,
1259 2611 1332 2646 quae
1346 2597 1469 2634 habitae
1483 2593 1621 2633 fuerunt
1644 2592 1697 2625 die
1714 2599 1745 2634 3.
1763 2593 1835 2621 De-

368 2647 514 2684 cembris
536 2660 619 2682 anno
643 2658 741 2691 1729.
768 2649 926 2691 Thesaur.
957 2649 1104 2694 Resolut.
1131 2653 1203 2682 Sat.
1225 2654 1396 2695 Congreg·
1418 2646 1492 2682 Vol.
1520 2647 1579 2677 IV·
1601 2647 1638 2687 Ρ·
1657 2647 1731 2677 373·
1751 2661 1761 2674 ²
1794 2636 1837 2669 &⁴

368 2696 423 2730 die
441 2704 494 2734 14.
512 2694 653 2744 Aprilis
670 2708 754 2730 anno
770 2701 870 2740 1736.
888 2697 1002 2732 eodem
1018 2695 1179 2739 Thesaur.
1194 2696 1270 2731 Vol.
1283 2700 1356 2730 VII.
1366 2705 1403 2741 p.
1424 2698 1497 2727 216.
1512 2689 1645 2723 Tamen
1658 2711 1668 2725 ‚
1694 2694 1731 2718 ut
1748 2682 1839 2715 5¹⁰¹·

368 2742 551 2777 nentiffimr
565 2739 680 2774 Patres
698 2740 854 2777 leventur
877 2753 981 2777 onere
1007 2741 1125 2776 eadem
1136 2743 1228 2784 folia
1247 2743 1372 2777 iterum
1387 2736 1541 2784 legendi,
1565 2745 1675 2781 operm
1691 2730 1840 2779 pretium

368 2799 434 2826 nos
451 2789 592 2828 taeturos
602 2796 767 2835 putamus
780 2814 792 2832 ,
814 2787 838 2826 si
853 2789 1011 2828 eamdem
1026 2788 1268 2827 codicillarem
1290 2786 1554 2836 dispositionem
1570 2783 1605 2818 in
1621 2793 1694 2863 md
1716 2790 1789 2861 guae
1804 2778 1842 2814 ad

1696 2840 1712 2862 e
1742 2836 1796 2863 m-
