1977 3028
1556 147 1573 178 S

83 178 330 213 aieiinitionein
356 174 632 222 ‘v'iLCapitum
658 178 830 223 praesentis
858 182 1097 219 controverfiae
1125 186 1331 226 pertinent,
1362 184 1574 227 referamus,

86 225 263 269 Postquain
289 223 398 268 igitur
420 224 566 264 ,loannes
582 226 795 271 Augustinus
818 226 979 274 Cappelli
1004 230 1039 265 in
1053 230 1228 268 codicillis
1255 245 1345 270 anno
1369 240 1574 278 1654.con-

82 273 165 307 ditis
180 268 464 306 confirmaverat
482 271 735 307 institutionem
759 273 1009 310 haereditari'am
1034 277 1168 313 Scholae
1185 280 1220 313 in
1245 280 1360 326 Burgo
1384 281 1546 317 Vulturis
1560 307 1572 322 ,

81 331 143 365 qua
162 318 308 363 triginta
335 320 438 363 pueri
458 319 679 366 pauperiores
693 320 842 363 eiusdem
871 320 975 368 Burgi
1005 326 1228 369 grammatica
1244 353 1253 366 ‚
1278 328 1421 376 aliisque
1446 328 1572 363 hnma-

81 367 240 401 nioribus
256 365 369 401 literis
401 366 639 401 imbuerentur
653 393 664 407 ‚
692 368 825 414 septem
846 367 1007 405 fundavit
1021 370 1273 419 Cappellanias
1288 374 1323 410 in
1350 376 1495 419 Ecclesia
1509 375 1573 411 Pa-

81 412 231 448 rochiali
269 413 469 448 Sanctorum
496 414 639 449 Nicolai
654 441 664 454 ‚
689 416 721 450 8<
736 414 863 450 Erasmi
877 442 888 458 ‚
910 429 985 463 quae
1000 429 1091 454 nunc
1104 420 1144 454 ad
1155 432 1333 456 numerum
1347 423 1500 467 quinque
1514 435 1570 458 re·

82 461 190 496 daz‘Jtae
204 459 280 494 sunt
301 484 309 493 .
343 460 403 501 Jus
424 461 628 497 nominandi
645 462 1072 509 CappellanoslegavitP.
1089 467 1301 504 Provinciali
1317 496 1327 510 ,
1353 471 1384 505 &
1402 470 1427 504 P
1453 469 1567 508 Priori

83 507 290 544 Conventus
313 507 592 544 Carmelitarum
617 511 901 546 Excalceatorum
927 511 1033 560 Burgi
1053 514 1239 556 Vulturis,
1269 529 1371 563 quem
1396 516 1568 553 Conven-

82 564 156 590 tum
172 581 195 595 ‚‚
221 566 280 599 per
299 555 356 590 uso
370 582 381 597 ,
411 558 450 591 ed
469 555 670 592 abitazione
695 557 728 592 di
742 568 818 593 otto
839 559 1038 602 Sacerdoti,
1065 574 1086 597 o
1105 572 1246 608 quattro
1270 574 1321 600 tra
1341 565 1521 605 chierici,
1547 577 1566 600 e

85 628 109 642 „
134 601 308 638 Conversi
323 615 389 638 con
401 612 479 638 orto
492 630 502 643 ,
527 616 549 638 o
564 602 608 638 sia
623 605 781 651 giardino
795 617 859 652 per
874 607 934 642 uso
947 607 980 643 di
994 608 1192 645 dettiPadri
1206 637 1217 651 ‚
1235 614 1274 647 ed
1288 624 1373 647 anco
1387 624 1450 647 una
1460 612 1568 648 Chic.

82 675 106 691 ,³
130 650 164 685 sa
179 662 305 697 capace
323 678 333 691 ‚
357 663 374 685 e
389 651 531 685 decente
545 651 609 688 &c.
626 663 691 688 con
705 654 768 688 due
783 653 962 702 Cappelle
975 656 1067 692 oltre
1081 658 1106 692 l’
1121 658 1230 694 Altar
1254 661 1433 707 maggiore
1450 686 1460 699 ‚
1485 664 1564 696 aedi-

81 722 105 738 2,
122 697 229 739 ficari
243 698 386 744 jufferat
409 700 500 734 idem
510 702 596 746 pius
611 700 762 742 Testatur
778 704 930 749 impensa
942 706 993 749 sc.
1017 715 1141 752 13945.
1157 713 1207 743 De
1226 706 1307 752 jure
1329 720 1414 745 vero
1432 708 1563 754 passivo

80 771 105 785 ,,
129 745 186 780 his
204 745 328 781 verbis
348 747 464 782 edixit
481 758 492 778 ε
513 747 555 781 Se
568 746 664 782 nella
681 747 841 796 famigli'a
854 751 1022 798 Cappelli
1036 753 1069 787 di
1086 753 1180 789 linea
1198 753 1384 790 mascoiina
1405 756 1442 790 vi
1460 754 1563 790 fosse-

78 819 102 832 „
127 802 166 826 ro
185 790 425 827 Descendenti
441 792 496 827 del
527 796 702 840 quondam
719 794 893 834 Bernardo
906 797 1067 845 Cappelli
1083 827 1093 841 ,
1117 813 1135 836 e
1155 801 1265 847 questi
1293 801 1419 838 feffero
1443 803 1563 838 Sacer-

74 863 98 880 ‚‚
121 838 191 874 doti
210 867 222 880 ‚
245 839 407 874 debbano
421 838 504 874 effer
528 841 684 885 preferiti
699 855 717 878 a
741 843 824 878 tutti
836 845 885 891 gl’
899 846 982 882 altri
1009 858 1071 892 per
1085 849 1118 884 la
1144 848 1272 883 Carica
1288 849 1321 883 di
1345 853 1438 886 dette
1459 849 1560 896 Cap-

73 912 97 927 „
121 886 277 933 pellanie
295 888 362 922 &c.
375 885 604 932 fimilmentei
627 891 716 935 putti
731 891 764 926 di
781 891 874 927 detta
891 893 1004 928 scuola
1019 918 1030 932 ‚
1055 895 1086 930 se
1113 895 1255 931 saranno
1275 896 1436 932 Chierici'
1465 898 1555 933 seco·

74 960 99 974 „
125 934 193 969 lari
209 961 220 974 ,
249 933 386 979 possano
399 932 504 970 essere
518 937 694 978 ordinati,
721 950 740 972 e
751 939 911 985 promoffi
926 940 988 975 all'
999 942 1130 978 Ordini
1145 943 1241 989 Sagri
1255 955 1273 977 a
1296 944 1408 980 titolo
1422 947 1453 980 di
1464 947 1558 981 dette

73 1008 99 1023 ‚‚
125 980 353 1028 Cappellanie
367 983 435 1017 διε.
452 1007 461 1021 ,
487 984 624 1019 emorti
650 984 785 1031 questi,
813 985 944 1022 ritorni
960 987 986 1022 il
1009 988 1065 1029 Jus
1091 990 1129 1025 di
1144 990 1275 1036 eligere
1299 990 1332 1026 al
1347 994 1444 1027 detto
1468 992 1557 1027 Pro-

73 1055 99 1070 „
125 1029 280 1064 vinciaie
297 1054 308 1068 ‚
327 1042 345 1064 e
360 1029 480 1064 Priore
497 1029 563 1066 διε.
590 1031 623 1066 se
637 1043 705 1067 non
718 1033 754 1067 vi
778 1033 899 1070 foffero
925 1034 1143 1071 descendenti
1165 1048 1223 1082 per
1249 1038 1341 1072 linea
1367 1040 1558 1075 mascolina

71 1103 95 1117 ,‚
124 1076 178 1111 del
197 1078 367 1122 quondam
386 1077 558 1112 Bernardo
581 1079 747 1127 Cappelli
767 1106 778 1122 ,
798 1092 840 1116 ne
857 1081 1018 1117 Chierici
1038 1082 1132 1118 della
1149 1083 1267 1119 scuola
1285 1110 1295 1124 ‚
1323 1095 1418 1121 come
1434 1087 1530 1133 sopra
1544 1115 1555 1128 ‚

69 1151 94 1164 „
120 1123 227 1158 vuoie
243 1124 343 1159 detto
358 1123 602 1160 Codicillante
614 1152 625 1166 ,
650 1128 713 1164 che
731 1126 755 1162 fi
770 1129 900 1174 poffino
910 1129 1075 1165 ordinare
1089 1143 1110 1168 a
1124 1132 1231 1166 titolo
1244 1131 1277 1166 di
1293 1132 1385 1168 dette
1401 1134 1555 1180 Caopel—

60 1195 93 1212 .„
118 1170 210 1206 lanie
224 1182 283 1217 pei·
298 1172 347 1218 gl’
359 1171 487 1207 Ordini
499 1172 598 1220 Sagri
611 1199 623 1213 ‚
648 1186 744 1210 come
756 1187 814 1222 per
826 1176 1041 1213 Patrimonio
1055 1177 1082 1212 li
1094 1178 1310 1214 descendenti
1325 1181 1420 1216 della
1435 1183 1555 1219 nobile

70 1246 93 1260 ‚‚
120 1216 313 1254 Benedetta
331 1219 478 1265 Donghi
493 1218 550 1255 sua
563 1222 694 1257 sorella
709 1247 731 1262 ,,
745 1247 757 1258 .
781 1222 902 1269 thue
920 1225 1062 1264 omnia,
1085 1237 1159 1273 quae
1179 1226 1252 1271 ipse
1275 1226 1415 1270 iusserat
1430 1254 1443 1267 ,
1468 1241 1555 1265 exe-

68 1275 286 1314 querentur,
314 1266 574 1315 Juspatronatus
603 1268 835 1306 honorificum
857 1271 1087 1313 Conventus,
1117 1275 1149 1309 &
1182 1274 1356 1315 Ecclesiae,
1384 1288 1482 1323 quae,
1514 1287 1554 1313 ut

71 1315 219 1349 diximus
233 1340 245 1353 ,
266 1313 474 1348 carmelitis
498 1316 612 1351 extrui
628 1317 741 1352 voluit
759 1344 770 1358 ,
791 1318 920 1365 legavit
949 1330 1033 1356 natu
1049 1322 1173 1365 majori
1202 1333 1243 1356 ex
1269 1322 1554 1360 descendentibus

71 1373 89 1396 a
105 1360 284 1397 Bernardo
305 1359 469 1407 Cappelli
486 1387 500 1400 ‚
524 1363 554 1397 δι
582 1362 637 1399 his
664 1364 825 1407 deseretis,
850 1366 1024 1403 substituit
1046 1370 1076 1404 il
1093 1371 1251 1416 maggior
1274 1380 1355 1406 nato
1376 1396 1389 1410 ‚
1407 1372 1468 1406 che
1482 1381 1552 1419 per

59 1419 178 1501 55·qu
196 1408 282 1454 sara*
307 1409 398 1445 della
419 1409 512 1446 linea
543 1437 557 1452 ‚
577 1425 595 1448 e
620 1412 846 1457 descendenza
863 1415 1049 1462 succeffiva
1069 1418 1163 1454 della
1189 1419 1335 1464 Si‘gnora
1360 1420 1554 1456 Benedettae

80 1470 137 1493 ore
171 1469 190 1492 a
207 1480 222 1493 ο
580 1477 582 1479 “

25 1504 132 1539 Anno
150 1505 248 1550 1728·
264 1504 415 1541 extincta
430 1507 499 1550 iam
511 1506 603 1551 linea
618 1507 806 1546 masculina
822 1509 992 1545 Barnardi
1007 1512 1177 1561 Cappelli
1189 1539 1199 1553 ,
1222 1523 1301 1550 cum
1314 1539 1325 1554 ,
1346 1522 1467 1550 vacata
1481 1525 1553 1551 una*

65 1564 107 1587 ex
123 1550 175 1586 his
200 1549 466 1597 Cappellaniis,
496 1555 694 1590 nominatus
717 1555 831 1592 fuiss‘et
853 1555 1129 1596 Barthoioinaeus
1155 1559 1324 1601 Pescetti,
1347 1565 1407 1608 qui
1433 1563 1550 1611 prima

65 1608 203 1634 tantum
215 1598 396 1634 literarum
423 1601 620 1638 rudimenta
634 1614 814 1650 exceperat
826 1605 862 1640 in
875 1605 991 1641 schola
1008 1608 1169 1643 Vulturis
1182 1636 1192 1649 ,
1212 1611 1472 1654 grammaticam
1487 1622 1549 1646 ve-

64 1659 106 1683 ro
119 1671 130 1686 ‚
152 1647 184 1681 δι
202 1646 408 1682 rethoricam
421 1649 592 1684 didicerat
606 1648 739 1687 Genuae
755 1678 764 1690 ,
783 1652 917 1687 familia
932 1653 1077 1700 Donghi
1096 1656 1203 1691 tertio
1219 1656 1294 1692 loco
1309 1668 1434 1693 vocata
1447 1685 1457 1698 ,
1478 1658 1548 1693 sese

65 1694 148 1729 huic
166 1694 393 1731 nominationi
414 1695 578 1743 praestitit
590 1698 890 1734 contradic'tricem
908 1725 914 1731 .
942 1701 1115 1747 Proposita
1132 1703 1270 1739 fuerunt
1285 1704 1321 1740 in
1347 1706 1412 1741 hoc
1440 1706 1547 1742 Sacro

66 1741 263 1777 Tribunali
286 1744 338 1778 die
361 1751 394 1781 3.
409 1745 608 1781 Decembris
628 1758 711 1781 anno
729 1756 830 1786 1729·
854 1746 922 1781 duo
938 1747 1010 1784 haec
1029 1749 1149 1786 Dubia·
1164 1777 1186 1790 „
1216 1751 1240 1786 Ι.
1262 1754 1320 1787 An
1346 1753 1546 1788 nominatio

67 1814 95 1830 ‚,
119 1787 251 1823 Clerici
265 1787 511 1826 Bartholomaei
530 1790 680 1827 Pesceni
695 1792 781 1829 saQa
798 1805 817 1827 a
842 1793 1139 1832 PP.Provinciali
1160 1798 1348 1835 Provinciae
1377 1801 1519 1841 januen.
1533 1826 1545 1840 ‚

66 1861 91 1878 „
115 1836 149 1872 8<
161 1835 278 1871 Priore
291 1837 501 1873 Conventus
514 1836 679 1875 Vulturis
692 1842 730 1875 ad
745 1840 1013 1887 Cappellaniam
1028 1869 1038 1882 ‚
1061 1844 1102 1879 de
1113 1857 1179 1890 qua
1194 1847 1308 1890 agitur
1321 1871 1333 1885 5
1359 1846 1546 1882 substinea-

66 1911 89 1926 „
114 1892 173 1918 tur
185 1883 220 1917 in
235 1883 312 1919 casu
327 1885 386 1920 &c
417 1884 463 1920 11.
482 1886 538 1920 An
554 1884 593 1919 ad
607 1889 756 1922 eamdem
771 1886 1037 1933 cappellaniam
1053 1917 1064 1931 ‚
1089 1892 1291 1939 caeterasque
1314 1893 1470 1928 fundatas
1485 1905 1545 1941 per

65 1958 90 1973 „
115 1931 287 1972 joannem
303 1931 535 1979 Augustinum
550 1931 718 1980 Cappelli
737 1933 803 1969 sint
817 1935 1021 1972 nominandi
1041 1938 1075 1972 in
1093 1938 1244 1974 futurum
1260 1938 1326 1975 filii
1341 1941 1542 1977 descenden-

66 2005 92 2020 ‚,
116 1980 383 2025 tesaquondam
409 1978 591 2014 Benedicta
604 1981 751 2029 Donghi
775 1982 815 2016 de
839 1981 1019 2031 Cappellis
1034 1986 1069 2020 in
1094 1987 1172 2022 casu
1197 1988 1299 2028 &cm
1328 1987 1544 2036 Respondit-

65 2038 130 2074 que
143 2026 196 2061 his
209 2028 349 2062 Sacrum
363 2025 537 2063 Tribunal
559 2041 567 2061 z
599 2031 660 2064 Ad
675 2035 702 2065 Ι.
716 2030 939 2074 affirmative
951 2059 959 2066 .
983 2036 1043 2068 „Ad
1057 2037 1098 2070 ΙΙ.
1114 2037 1237 2085 Qoad
1249 2038 1517 2084 cappellaniam
1529 2063 1541 2078 ,

65 2078 105 2108 de
119 2086 188 2120 qua
201 2077 322 2121 agitur
337 2100 350 2114 ‚
375 2079 543 2121 negative
561 2101 573 2116 ,
597 2080 642 2113 ξφ
658 2080 692 2113 in
708 2078 857 2125 reliquis
873 2077 1060 2116 habeba-ur
1074 2087 1167 2119 ratio
1182 2087 1216 2118 in
1239 2084 1365 2128 cafibus
1374 2087 1543 2132 particu-

65 2120 199 2157 laribus
213 2145 225 2160 ,
256 2131 297 2156 ut
323 2121 358 2157 in
375 2124 465 2159 dim
483 2125 562 2160 Vol.
590 2126 650 2160 IV.
667 2125 827 2169 Thesaur.
854 2127 1005 2173 Resolut·
1019 2135 1095 2166 sac,
1112 2136 1361 2179 congregat-p·
1386 2141 1464 2179 374·
1492 2133 1544 2167 At

66 2167 275 2214 reproposita
291 2168 403 2205 Causa
425 2171 481 2206 die
495 2175 551 2206 28.
577 2172 677 2215 6Julii
695 2182 800 2213 1730·
813 2198 824 2212 ,
848 2174 880 2208 δι
897 2173 1072 2219 disputato
1088 2177 1216 2213 dubio:
1242 2179 1519 2223 Ansitstandum
1532 2206 1543 2220 ,

66 2217 128 2252 vel
148 2218 362 2254 recedendum
379 2229 398 2251 a
412 2217 530 2260 dectfis
545 2220 580 2255 in
596 2218 673 2261 castr
685 2224 763 2257 (φτ.
780 2221 1041 2259 Eminentissimi
1062 2226 1196 2266 Patres,
1217 2237 1252 2261 re
1266 2227 1391 2263 melius
1405 2226 1546 2274 perspe-

66 2264 117 2298 Cta
131 2288 143 2302 ,
167 2273 233 2298 non
246 2264 453 2300 dubitarunt
472 2274 605 2302 mutare
631 2265 836 2303 sententiam
852 2295 864 2309 ,
891 2270 924 2305 ἃ
952 2270 1155 2318 respondere
1172 2287 1183 2307 ε
1212 2279 1354 2311 Praevio
1378 2276 1502 2321 recessu
1522 2287 1543 2308 a

66 2309 182 2353 decisis
206 2316 372 2359 negative
387 2315 431 2348 ad
450 2317 605 2361 primum
622 2340 637 2354 ,-
655 2319 698 2352 Θ
716 2316 924 2360 affirmative
946 2320 990 2353 ad
1009 2320 1194 2363 fecundum
1213 2325 1326 2367 quoad
1355 2323 1541 2369 cappella·

65 2364 158 2394 niam
173 2360 213 2394 de
227 2370 301 2405 qua*
320 2363 441 2407 agitur
458 2387 470 2401 ,
494 2366 538 2399 Θ
551 2365 585 2398 in
605 2363 756 2409 reliquis
774 2364 960 2402 habebitur
983 2370 1076 2404 ratio
1095 2371 1130 2405 in
1156 2368 1284 2412 casibus
1297 2370 1541 2418 particulari-

66 2406 130 2441 bus
149 2430 160 2443 ,
183 2414 221 2440 ut
237 2405 273 2440 in
287 2407 446 2450 Thesaur.
457 2410 564 2455 Resol.
581 2410 658 2446 Vol.
678 2414 754 2458 V.p
789 2420 845 2452 ες.
861 2426 870 2446 :
899 2413 1017 2459 Atque
1033 2415 1103 2451 haec
1120 2414 1283 2462 posterior
1292 2415 1448 2452 definitio
1461 2427 1543 2451 con-

65 2449 200 2488 firmata
216 2451 284 2487 fuit
301 2455 354 2490 die
381 2464 431 2501 17.
462 2457 649 2493 Februarii
676 2465 770 2504 1731.
788 2483 801 2497 ,
825 2468 865 2494 ut
883 2459 917 2494 in
931 2460 1054 2498 eodem
1082 2464 1242 2507 Thesaur·
1258 2466 1335 2500 Vol.
1363 2471 1406 2499 V.
1425 2473 1462 2512 p.
1479 2474 1539 2510 97.

65 2501 146 2535 Hac
165 2500 242 2536 freti
258 2498 464 2538 definitione
484 2504 652 2550 Aloyfius
668 2503 901 2543 Ferdinundus
920 2534 930 2548 ,
964 2509 998 2543 δι
1019 2510 1167 2551 joannes
1193 2512 1373 2547 Antonius
1394 2511 1540 2559 Dongbi

64 2546 303 2583 descendentes
315 2560 334 2582 a
349 2548 531 2586 Benedicta
544 2551 707 2599 Cappelli
726 2552 873 2600 Donghi
889 2581 899 2594 ,
926 2556 987 2601 qui
1006 2557 1162 2606 Neapoli
1179 2570 1313 2594 moram
1327 2559 1512 2596 trahebant
1525 2585 1538 2600 ‚

65 2593 286 2640 postularunt
312 2608 404 2632 anno
427 2609 523 2644 1735.
539 2599 672 2635 institui
693 2628 702 2641 ‚
731 2601 813 2636 licet
830 2602 1017 2643 absentes,
1042 2607 1082 2640 ad
1106 2604 1236 2642 easdem
1260 2606 1538 2654 Cappellanias‚

66 2641 304 2679 deficientibus
329 2644 485 2682 Clericis
512 2647 632 2683 schoiae
657 2648 821 2686 Vulturis
840 2650 986 2687 secundo
1013 2653 1089 2689 loco
1111 2653 1242 2690 vocatis
1266 2653 1302 2688 in
1315 2653 1537 2702 dispositione

66 2688 206 2729 Joannis
231 2692 410 2739 Augustini
425 2693 584 2741 Cappclli
600 2719 611 2730 .
637 2694 815 2744 s'ropofita
841 2698 949 2745 igitur
968 2699 1108 2737 suerunt
1132 2702 1170 2737 in
1184 2703 1249 2737 hoc
1264 2703 1368 2738 Sacro
1401 2701 1538 2737 fribu-

65 2737 124 2771 nal
143 2740 198 2774 die
217 2750 268 2780 ¹4-
282 2743 426 2786 Aprilis
441 2746 529 2778 dicfto
545 2757 629 2779 anno
658 2746 757 2790 1736.
773 2756 921 2790 quatuor
938 2748 1055 2784 Dubia
1070 2776 1080 2790 ‚
1103 2761 1176 2797 quae
1203 2750 1295 2786 inter
1323 2748 1504 2795 Dunghios
1521 2775 1534 2790 ,

66 2786 98 2821 ἂ
125 2784 189 2823 Pe.
217 2786 476 2826 Provincialem
491 2815 501 2831 ,
527 2793 557 2828 ὅ(
581 2791 738 2829 Priorem
761 2792 963 2833 Conventus
989 2797 1151 2838 Vulturis
1176 2798 1347 2846 disputata
1367 2797 1536 2880 chunti.

1408 2855 1428 2879 u
1453 2853 1488 2878 ia
