1977 3028
90 150 177 200 esset,
204 147 398 228 alterigero
433 153 502 179 non
515 139 627 181 obesse
644 140 771 181 debeat
784 167 793 180 .
819 139 910 177 Haec
925 139 1106 181 Antonius
1117 165 1126 177 .
1155 139 1337 183 Dubium,
1367 142 1464 190 qnod
1477 95 1564 190 prg?

43 204 304 282 Λὲῗὲηῐῑῖξῑῖιυε
313 222 501 283 Petrinifit
517 239 751 287 dispenfimdns
765 239 800 275 in
820 237 896 281 casu
912 241 989 274 &a

135 339 357 376 Affirmative
371 336 503 384 praevia
519 332 735 381 expeditione
751 330 868 369 Brevis
882 358 890 369 2

138 434 450 472 ALARlTANA
466 429 814 469 SUPPREsstoNis
843 428 1245 471 BENEFICIORUM,
1271 429 1336 465 ET
1356 430 1556 468 ATTEN-
1618 425 1773 473 sess-25.
1792 443 1820 467 c.
1839 441 1871 472 ς.

151 481 412 518 TATORUM
432 495 440 516 ε
475 481 543 516 Sita
560 481 607 515 est
624 480 657 515 in
670 479 840 516 Suburbio
854 480 997 528 Leapoli
1012 505 1021 519 ‚
1047 480 1156 525 vulgo
1169 481 1260 516 della
1286 485 1423 515 Marina
1440 480 1552 516 Civi-
1592 472 1633 508 de
1647 474 1719 519 Res.

83 531 167 566 tatis
179 529 314 565 Calatis
336 528 484 565 Ecclesia
499 526 712 564 parochialis
730 530 882 564 dedicata
894 530 929 563 S.
942 525 1084 564 Eulaliae
1096 553 1106 566 ,
1131 538 1204 572 quae
1221 527 1267 561 est
1282 526 1340 560 sub
1365 528 1552 572 preteetio—

83 590 128 614 ne
145 577 368 624 Syndicorutn
384 575 550 612 Suburbii
565 602 574 612 .
591 574 686 610 Cum
716 575 786 611 haec
814 574 957 611 Ecclesia
971 578 1149 611 Sacrorum
1177 574 1411 609 Ministrorum
1433 587 1551 610 nnme-

82 637 124 662 το
137 650 148 665 ,
170 625 228 670 qui
246 623 340 659 illius
354 622 506 660 Ecclefiae
521 621 664 659 servitio
678 647 688 661 ,
715 624 748 658 &
765 624 883 670 populi
898 622 1148 658 necessitatibus
1164 621 1242 657 satis
1260 622 1339 656 effet
1357 646 1367 660 ,
1392 622 1551 658 destitue-

81 683 175 708 retur
187 698 197 712 ‚
223 670 364 720 Syndici
379 682 469 706 anno
488 674 585 706 16¹6.
598 680 715 715 preces
731 672 934 707 obtulerunt
949 668 1226 712 Archiepiscopo
1244 668 1453 704 Calaritano
1468 697 1475 708 ,
1503 678 1542 705 ut

81 719 281 755 consensum
297 717 471 765 praestaret
487 716 676 753 fundationi
689 718 764 751 octo
776 718 1026 754 Beneficiorum
1041 743 1051 756 ,
1065 716 1105 751 iis
1124 715 1256 762 legibus
1271 743 1280 755 ‚
1295 718 1324 751 &
1341 717 1548 752 conditioni-

81 770 147 803 bus
163 794 173 807 ,
194 779 269 814 quae
284 766 318 800 in
334 765 491 811 precibus
511 764 816 811 fueruntexpressae
828 793 837 805 ,
862 776 965 812 utque
978 765 1099 801 horum
1116 762 1356 798 beneficiorum
1382 774 1546 808 patrona*

80 825 136 851 tus
151 841 160 854 ‚
184 815 214 849 &
232 813 424 848 nominatio
444 813 484 847 ad
507 812 674 860 Syndicos
693 823 853 859 perpetuo
876 813 1061 859 spefiaret.
1082 810 1157 846 Post
1171 811 1430 858 quadriennium
1460 811 1545 845 faita

80 862 149 897 fuit
168 889 177 902 ,
206 860 472 906 Archiepiscopo
489 861 653 907 probante
671 885 682 899 ‚
706 861 736 895 &
756 861 916 896 laudante
930 887 940 900 ,
963 858 1122 894 fundatio
1137 858 1271 902 septem
1292 868 1424 893 tantum
1440 860 1545 893 bene-

78 907 259 949 ficiorum,
285 907 327 942 iis
344 908 474 954 legibus
490 935 501 949 ‚
525 906 822 943 &conditionibus
838 935 848 948 ‚
876 919 956 954 quas
979 906 1117 952 Syndici
1139 906 1311 951 petierant
1338 932 1348 945 ,
1375 906 1544 941 constitu-

80 966 115 991 ta
145 956 184 991 iis
209 956 287 991 dote
317 955 352 990 in
376 955 501 994 bonis,
528 954 738 992 redditibus,
768 955 1031 994 emolumentis,
1058 955 1090 988 8<
1122 954 1277 997 pecuniis
1309 955 1544 988 communibus

80 1004 180 1039 dictae
198 1001 350 1038 Eccleiiae
369 1002 401 1037 S.
420 1000 563 1037 Eulaliae
577 1025 587 1036 .
613 1001 807 1037 Nominatis
823 1002 928 1049 igitur
950 1000 1182 1036 Beneficiariis
1198 1027 1208 1041 ,
1235 1000 1320 1035 faCta
1335 1000 1403 1035 fuit
1419 1000 1541 1035 iisdem

78 1064 97 1086 a
111 1048 266 1098 Syndicis
281 1049 419 1085 traditio
434 1075 443 1089 ‚
469 1049 501 1084 &
517 1048 693 1094 affignatio
707 1057 759 1084 tot
773 1051 955 1088 bonorum,
976 1049 1007 1084 δι
1020 1049 1180 1084 censuum
1196 1073 1205 1085 ,
1226 1058 1284 1093 qui
1301 1046 1452 1082 facerent
1467 1049 1542 1083 sor-

77 1109 147 1135 tem
170 1098 337 1133 librarum
357 1103 480 1143 17576.
494 1123 504 1136 ,
527 1097 558 1131 &
575 1095 761 1132 solidorum
774 1099 919 1143 quinque
935 1123 943 1137 ‚
967 1107 1107 1141 quaeque
1123 1092 1279 1129 redderet
1292 1095 1372 1129 duos
1392 1094 1539 1135 solidos,

75 1145 107 1180 8<
129 1145 189 1180 sex
201 1145 355 1181 denarios
370 1143 552 1190 unicuique
579 1142 805 1178 Beneficiario
818 1144 971 1189 qualibet
987 1142 1043 1177 die
1057 1141 1234 1178 solvendos
1259 1146 1395 1176 nomine
1422 1141 1539 1177 distri-

77 1193 260 1228 butionum
273 1191 544 1239 quotidianarum
563 1218 571 1226 .
597 1190 635 1225 In
653 1190 714 1225 hac
733 1190 916 1226 traditione
935 1218 946 1231 ‚
970 1191 1001 1224 δι
1015 1186 1236 1236 affignatione
1249 1189 1385 1236 Syndici
1403 1190 1447 1224 de
1465 1189 1540 1225 evi-

76 1240 186 1275 <lione
199 1249 387 1277 caverunt,
411 1239 466 1273 sed
481 1239 568 1274 bona
584 1237 739 1273 Ecclesiae
753 1238 785 1273 S.
800 1236 944 1274 Eulaliae
957 1265 967 1280 ‚
991 1248 1057 1273 non
1073 1248 1155 1273 vero
1170 1236 1255 1271 bona
1271 1236 1325 1272 sua
1340 1263 1351 1277 ,
1376 1245 1435 1272 aut
1454 1236 1538 1284 Syn-

76 1287 229 1322 dicorum
246 1285 475 1322 successorum
491 1284 646 1332 obligata
661 1283 846 1320 voluerunt
861 1310 871 1320 .

27 1333 332 1371 Nominationesa
356 1332 517 1380 syndicis
540 1332 633 1368 faetae
658 1330 791 1380 semper
813 1331 947 1370 fuerunt
966 1333 1006 1368 ad
1022 1333 1093 1369 haec
1111 1333 1213 1380 usque
1239 1341 1398 1378 tempora
1416 1358 1426 1371 ‚
1456 1331 1537 1366 licet

75 1380 312 1416 Communitas
326 1380 634 1425 Presbyterorum,
661 1380 692 1415 δι
711 1381 889 1416 Promotor
915 1381 1055 1417 Fiscaiis
1080 1380 1196 1416 Curiae
1222 1378 1536 1424 Archiepiscopalis

73 1428 203 1475 pluries
215 1428 484 1464 contradixerint
497 1456 508 1471 ,
535 1437 872 1474 nunc‘proponentes
895 1427 1063 1465 desectum
1084 1427 1221 1475 integrae
1236 1452 1247 1465 ,
1276 1426 1480 1472 quantitatis
1499 1436 1534 1459 in

72 1476 318 1522 aflignatione,
345 1485 434 1518 nnnc
448 1477 716 1522 peremptionem
732 1475 831 1511 sortis
847 1476 1006 1512 censuum
1019 1503 1030 1517 ,
1059 1487 1148 1511 nunc
1163 1486 1242 1511 vero
1259 1473 1423 1509 defectum
1445 1473 1533 1513 Juris

70 1531 269 1569 patronatus
285 1550 295 1564 ,
346 1525 415 1560 uod
431 1523 519 1559 bona
535 1551 544 1564 ,
569 1535 641 1570 quae
658 1524 695 1558 in
708 1524 820 1557 dotem
834 1523 959 1560 tradita
980 1524 1115 1559 fuerunt
1133 1548 1144 1561 ‚
1170 1534 1237 1557 non
1251 1520 1354 1556 ess'ent
1372 1521 1534 1566 Syndico-

70 1581 148 1606 rum
163 1596 171 1609 ,
199 1570 251 1604 sed
267 1570 332 1613 Ecc
350 1571 423 1606 efiae
438 1571 470 1606 S.
487 1571 626 1607 Eulaliae
638 1593 649 1605 .
674 1571 777 1605 Anno
791 1572 924 1605 tandem
941 1581 1039 1618 1724.
1052 1582 1127 1606 cum
1144 1569 1323 1604 deceiitffet
1340 1567 1534 1603 Beneficia—

69 1618 142 1653 rius
157 1617 330 1654 Martinus
345 1619 450 1654 Carta
465 1643 476 1658 ‚
501 1619 693 1654 nominatus
719 1618 818 1652 suita
833 1619 985 1663 Syndicis
999 1619 1155 1654 Sacerdos
1172 1617 1363 1652 Urrubesos
1374 1643 1383 1654 ,
1406 1615 1460 1649 cui
1479 1625 1530 1649 ta-

68 1675 146 1700 men
165 1664 231 1700 sese
248 1667 506 1702 contradictores
520 1665 748 1713 praestiterunt
762 1664 974 1702 Beneficiarii
987 1693 996 1706 ,
1026 1667 1057 1701 &
1073 1666 1252 1701 Promotor
1272 1663 1411 1698 Fiicalis
1453 1663 1530 1697 Hac

69 1712 132 1746 lite
148 1715 237 1746 nond
246 1725 299 1748 um
315 1713 421 1760 sopita
439 1741 449 1754 ,
481 1713 618 1749 vacavit
634 1713 721 1759 apud
738 1712 891 1747 sancitam
904 1713 1020 1749 Sedem
1038 1714 1185 1749 alterum
1198 1724 1240 1747 ex
1254 1712 1305 1746 his
1326 1709 1506 1745 beneficiis
1518 1735 1529 1749 ,

69 1760 100 1794 82
123 1758 280 1804 provisus
294 1759 359 1796 fuit
374 1764 411 1797 de
438 1775 474 1798 eo
490 1771 666 1807 tamquam
693 1762 732 1795 de
746 1763 1046 1808 &inrepatronatns
1062 1763 1239 1796 micorum
1265 1760 1420 1796 Sacerdos
1447 1760 1529 1792 Au·-

67 1806 219 1852 gustinus
234 1807 342 1843 Sanna
355 1835 364 1848 ,
394 1808 503 1843 addita
520 1808 554 1843 in
569 1808 674 1843 literis
687 1808 885 1843 conditione
898 1834 908 1847 ‚
934 1808 1112 1849 verificam
1123 1811 1224 1855 prins
1248 1819 1360 1842 coram
1377 1807 1528 1839 Ordina-

65 1857 118 1889 rt'o
132 1857 200 1889 toci
224 1857 309 1891 dim
323 1860 621 1902 Jiwepatronatus
637 1866 676 1891 ex
696 1855 893 1895 fundatione
907 1880 918 1893 ,
931 1860 973 1891 (ὦ
991 1853 1282 1892 dotatione.Dum
1307 1853 1391 1885 hanc
1405 1851 1527 1885 condi-

65 1901 197 1936 tionem
224 1901 391 1947 implebat
417 1900 624 1948 Augustinus
641 1929 650 1941 ,
676 1900 913 1935 communitas
936 1900 1235 1938 Beneficiariornm
1263 1910 1375 1944 preces
1400 1896 1524 1932 obtulit

66 1950 200 1995 optimo
223 1947 385 1984 Pontifici
404 1947 584 1984 Benedieto
603 1947 703 1982 Xlll.
720 1974 729 1990 ‚
752 1948 871 1993 quibus
899 1958 1033 1984 narrata
1059 1947 1204 1994 hystoria
1235 1945 1464 1984 fundationis,
1492 1944 1525 1977 &t

67 1996 160 2030 dotis
178 1996 296 2031 horum
311 1994 559 2031 Beneficiorum
572 2023 581 2036 ,
603 1997 633 2030 &
652 1995 883 2042 peremptione
898 1997 1038 2037 majoris
1055 1996 1157 2041 partis
1177 1993 1335 2030 censuum
1351 2019 1359 2031 ‚
1384 1993 1442 2037 qui
1458 1992 1527 2026 asii-

66 2044 160 2088 gnati
177 2044 308 2078 fuerant
335 2055 351 2077 a
369 2043 524 2090 Syndicis
539 2070 549 2083 ‚
575 2054 766 2089 temporum
781 2069 790 2082 ,
816 2043 845 2076 &
865 2042 1035 2080 bellorum
1056 2042 1188 2086 injuriis
1202 2069 1212 2082 ,
1236 2042 1291 2075 vel
1315 2041 1403 2086 quod
1419 2038 1526 2073 debi-

66 2099 156 2125 tores
183 2091 408 2126 facultatibus
437 2088 512 2135 lapfi
535 2089 664 2129 essent,
689 2088 879 2135 postulabat
905 2116 915 2129 ‚
946 2100 984 2126 ut
1007 2102 1079 2138 qna:
1108 2089 1177 2124 dno
1202 2090 1365 2124 vacabant
1391 2085 1526 2121 benefi-

67 2135 119 2170 cia
134 2162 144 2175 ,
166 2138 195 2172 &
213 2139 278 2173 alia
291 2141 360 2173 duo
374 2147 538 2172 vacatura
553 2138 804 2184 supprimeret,
832 2137 919 2172 itaut
935 2141 1011 2174 octo
1028 2135 1194 2174 beneficia
1217 2137 1255 2171 ad
1269 2143 1414 2183 quatuor
1429 2133 1523 2169 redi-

66 2194 246 2227 gerentur.

20 2232 116 2267 Data
139 2230 202 2266 fuit
225 2232 460 2277 postulationis
483 2232 581 2274 hujus
599 2232 751 2279 cognitio
774 2232 877 2269 Sacro
890 2234 971 2269 huic
997 2232 1205 2273 Tribunali‚
1231 2233 1264 2267 8<
1280 2228 1522 2266 auditoVica-

66 2289 117 2313 rio
143 2278 362 2323 Capitulari‚
392 2291 468 2316 cum
488 2289 569 2315 tunc
594 2281 691 2314 Sedes
719 2280 1036 2328 Archiepiscopalis
1062 2291 1168 2315 vacua
1194 2279 1275 2314 esset
1301 2305 1310 2318 ‚
1338 2275 1520 2322 respondit
1543 2302 1546 2306 .

65 2326 120 2361 hic
138 2351 159 2364 „
185 2327 346 2373 Syndicos
364 2327 397 2362 in
415 2328 446 2365 d,
461 2327 651 2363 Parochiali
669 2325 815 2362 fundasse
834 2337 951 2373 pra-ter
969 2327 1171 2363 beneficium
1197 2327 1362 2372 quoddam
1377 2322 1520 2370 simplex

65 2399 90 2414 2,
116 2385 193 2407 cum
212 2385 323 2410 annuo
335 2373 469 2411 redditu
492 2374 700 2410 solummodo
720 2374 882 2409 librarum
899 2386 933 2416 4.
958 2384 1097 2411 nionetae
1120 2373 1253 2409 Calatis
1271 2400 1278 2411 ,
1303 2372 1430 2418 septem
1452 2369 1521 2404 alia

65 2445 88 2460 ,‚
116 2419 279 2455 beneficia
293 2447 304 2461 ,
333 2433 390 2467 pro
404 2433 544 2467 quorum
564 2423 733 2456 erectione
748 2422 944 2457 obtulerunt
965 2425 1086 2467 17576.
1105 2421 1208 2457 libras
1226 2447 1234 2460 ,
1264 2421 1295 2454 ἃ
1319 2431 1349 2460 5.
1365 2417 1490 2467 solidos
1505 2441 1517 2455 ,

67 2494 90 2508 ‚‚
117 2479 236 2503 revera
253 2478 367 2503 tamen
379 2468 581 2513 consignasse
606 2469 848 2514 proprietatem
865 2469 1027 2504 librarum
1042 2472 1143 2512 6990.
1159 2492 1168 2505 ,
1196 2467 1324 2503 &solid
1346 2476 1395 2504 14·
1414 2489 1423 2502 ‚
1449 2472 1517 2514 ita-

63 2525 86 2556 ‚3
113 2525 148 2549 ut
168 2516 346 2550 extiterint
363 2515 494 2562 praefati
511 2515 646 2563 Syndici
665 2514 833 2550 debitores
850 2517 1049 2551 remanentis
1074 2515 1296 2562 quantitatis,
1320 2512 1451 2547 scilicet
1468 2509 1518 2544 li-

61 2588 86 2602 „
112 2564 245 2597 brar-um
268 2564 386 2609 ¹0585·
403 2589 412 2602 ,
435 2563 466 2598 &
493 2563 591 2598 solid.
607 2575 638 2598 2.
662 2573 762 2607 quam
788 2574 848 2597 nec
869 2563 928 2609 ipsi
948 2589 957 2602 ‚
983 2575 1046 2598 nec
1063 2564 1096 2597 in
1122 2563 1290 2607 posterum
1315 2556 1516 2594 successores

58 2635 83 2649 „
110 2609 324 2645 tradiderunt
341 2636 349 2644 .
375 2611 524 2646 Addidit
544 2610 645 2644 etiam
661 2610 766 2652 praed.
784 2617 888 2655 6990.
915 2620 1103 2654 temporum
1122 2609 1246 2652 injuria
1261 2634 1271 2648 ,
1296 2608 1328 2642 8<
1343 2605 1514 2641 bellorum

61 2681 86 2695 ,‚
111 2656 206 2691 causa
229 2669 346 2703 magna
364 2670 402 2692 cx
421 2666 514 2701 parte
530 2654 666 2702 periisse
683 2682 691 2695 ,
723 2658 808 2692 itaut
824 2669 882 2702 pro
908 2657 1201 2692 distributionibus
1218 2651 1436 2701 quotidianis
1453 2650 1514 2686 vix

61 2728 84 2742 ‚,
111 2703 334 2748 superfuerint
359 2704 456 2740 libiae
476 2708 598 2749 2481„
625 2703 656 2738 &
685 2703 779 2739 solidi
806 2717 839 2750 4.
855 2731 865 2744 ,
890 2714 926 2739 ut
957 2717 997 2739 ex
1018 2704 1113 2739 libris
1146 2701 1388 2737 visitationum
1413 2707 1511 2745 pate-

61 2776 85 2793 ..
111 2751 168 2787 bat
186 2777 208 2791 ‚‚
239 2751 319 2786 Ht’c
335 2753 487 2789 Vicarius
505 2750 715 2797 Capitolinis
734 2775 744 2786 .
770 2752 901 2788 Placuit
918 2751 1018 2787 Sacro
1032 2749 1352 2787 Tribunaliaudire
1368 2747 1506 2790 Delega—

199 2804 361 2834 Tomma'.
930 2798 965 2833 H
1391 2802 1469 2829 tum
