2000 3017
428 114 442 129 Φ

352 113 459 186 lnzhis
484 146 645 195 angustiis
659 143 825 178 parochus
848 150 971 184 opem,
995 136 1248 182 praesidiumque
1267 134 1429 181 quaesivit
1445 144 1490 168 ex
1511 132 1625 167 literis
1660 126 1885 166 'citatoriali-

403 199 466 233 bns
485 222 495 235 ,
525 206 568 232 &v
585 188 887 231 subibam-talibus
913 185 1027 220 Curiae
1042 184 1322 229 Metropolitanx
1339 209 1348 221 ,
1373 192 1453 226 quas
1465 190 1503 214 ut
1527 180 1676 214 diximus
1691 203 1700 216 ‚
1726 179 1887 213 obtinue-

404 254 456 279 rat
471 242 606 288 quidem
621 266 631 279 ,
656 238 713 272 sed
734 248 802 272 non
814 232 992 271 ediderat;
1022 233 1116 268 Licet
1131 241 1245 266 autem
1263 229 1428 266 Provisor
1457 225 1615 262 Lucensis
1638 225 1677 259 iis
1694 226 1857 260 detulerit
1870 252 1883 265 ‚
1934 240 1938 245 ·

408 292 439 325 ὅι
457 291 693 336 obtemperare
708 284 775 322 sese
797 291 952 329 paratum
967 279 1175 317 ostenderit,
1201 278 1357 313 Parocho
1371 287 1481 310 tamen
1500 274 1627 308 indixit
1644 297 1654 310 ,
1679 281 1716 305 ut
1732 273 1788 306 vel
1802 272 1833 305 se
1848 272 1886 308 in

408 337 600 372 carceribus
615 332 838 369 constitueret
851 356 861 369 ‚
885 329 943 363 vel
967 329 1054 361 intra
1072 325 1240 362 circulum
1255 327 1355 360 unius
1370 323 1442 358 diei
1467 320 1643 356 satisdaret
1669 318 1708 352 de
1727 318 1885 355 habendo

408 384 601 419 Civitatem
616 383 694 417 loco
710 388 886 415 carcerum
901 404 908 412 .
936 374 1061 410 Rediit
1085 375 1197 418 itaque
1213 373 1383 407 Parochus
1408 370 1448 403 ad
1462 369 1605 403 Curiam
1632 365 1883 410 Metropolita-

409 442 489 465 nam
505 456 514 469 ‚
539 432 569 465 &
587 426 802 464 lamentabili
818 422 954 458 historia
980 431 1116 457 narrata
1129 419 1282 455 obtinuit
1300 446 1309 458 ‚
1337 429 1375 453 ut
1390 417 1641 461 expedirentur*
1662 412 1770 447 literae
1790 418 1885 448 Com-

411 479 618 526 pitlsoriales
634 477 668 511 in
689 477 785 509 causa
802 470 902 506 civili
928 468 1160 514 deputationis
1176 466 1312 501 Vicarii
1326 466 1452 499 Curati
1470 491 1477 502 ‚
1506 464 1536 497 δι
1559 460 1783 497 εὶῑάΐονὶαίες
1807 485 1817 499 ,
1844 471 1886 495 ac

414 526 675 560 Inln'bz'tori.zles
701 522 734 555 in
748 518 845 555 causa
868 516 1056 555 criminali,
1082 515 1208 556 adiecta
1235 523 1347 548 tamen
1362 511 1562 547 conditione
1579 535 1587 547 ‚
1614 517 1651 541 ut
1677 507 1711 540 in
1738 506 1890 541 carceri-

416 575 477 607 bus
499 578 689 606 remaneret
703 596 712 609 ,
737 569 849 602 donec
870 567 909 599 de
925 562 1097 598 criminali
1116 561 1211 596 causa
1235 559 1518 607 cognosceretur:
1547 557 1661 601 Atque
1678 554 1729 588 his
1755 553 1885 597 pariter

416 619 529 654 literis
545 616 772 652 obedientiam
786 611 937 660 praestare
950 611 981 644 se
1006 618 1159 655 paratum
1173 607 1237 643 effe
1261 612 1348 643 dixit
1363 604 1522 641 Provisor
1548 600 1702 637 Lucensis
1724 627 1733 640 ,
1761 600 1886 645 petiit-

418 677 482 713 que
498 665 666 701 Parochus
683 689 691 702 ,
717 672 754 697 ut
774 660 923 707 pristine
944 657 1097 692 libertati
1115 654 1368 690 restitueretur.
1396 653 1456 687 Sed
1486 651 1715 698 postulatione
1732 648 1795 681 hac
1821 658 1884 681 ne-

419 724 484 760 que
499 710 630 747 admissa
655 721 765 755 neque
782 707 901 748 reiecta
917 731 926 744 ,
951 705 1120 739 Parochus
1135 714 1231 736 moi-<e
1247 702 1426 745 impatiens
1443 699 1511 734 sese
1526 710 1544 732 e
1567 697 1723 731 Civitaie
1738 694 1885 729 Lucenst

420 769 556 807 arrepta
569 758 651 803 fuga
680 757 863 794 subduxit,
888 752 1086 798 recepitque
1109 750 1143 783 in
1159 749 1284 783 Urbem
1297 747 1543 792 Coinpostellae
1559 772 1568 784 ‚
1595 752 1761 789 petiitque
1785 753 1803 776 a
1827 741 1887 782 Ju-

421 807 494 841 dice
506 803 782 848 Metropolitano
796 829 804 840 ,
830 811 866 836 ut
881 798 1090 833 Provisorem
1115 795 1296 830 Lucensem
1316 792 1541 840 compelleret
1557 792 1596 824 ad
1613 791 1681 824 acta
1708 790 1888 823 transmit-

420 853 524 888 tenda
541 880 550 892 ,
571 852 694 898 quibus
707 851 750 885 de
765 859 911 893 utraque
932 844 1031 880 oausa
1045 843 1307 890 cognosceretur
1319 867 1329 877 .
1360 842 1494 875 Annuit
1520 839 1680 872 V-icarius
1697 835 1884 870 Generalis

423 900 718 946 Metropolitanus
734 925 743 938 ‚
769 897 845 931 data
862 892 1010 930 Parocho
1035 892 1189 926 Civitate
1203 901 1263 934 pro
1278 888 1475 923 carceribus
1490 910 1501 920 .
1530 884 1643 920 Novis
1669 885 1743 917 inde
1770 881 1881 917 literis

424 960 443 982 a
457 947 565 983 Curia
590 945 858 990 Metropolitana
872 941 959 976 datis
975 938 1138 975 Provisor
1153 935 1307 971 Lucensis
1332 936 1516 980 pai-iturum
1534 932 1701 975 respondit
1723 956 1732 968 ‚
1757 935 1888 974 paruit-

423 1008 487 1042 que
502 1022 510 1034 ,
537 1006 614 1029 nam
634 993 796 1027 traditum
811 990 877 1025 fuit
899 989 1070 1032 integrum
1086 987 1247 1020 AClorum
1262 983 1435 1026 exemplar
1449 1006 1460 1016 .
1483 979 1595 1014 Causa
1612 980 1680 1013 acta
1698 977 1744 1012 est
1758 988 1887 1012 contu-

424 1054 518 1077 mace
540 1043 668 1085 semper
682 1040 879 1074 Promotore
905 1033 1029 1068 Fiscali
1053 1031 1190 1066 Lucensi
1204 1056 1214 1069 ,
1238 1032 1294 1077 qui
1312 1030 1347 1064 in
1372 1030 1428 1071 Jus
1442 1037 1588 1063 vocatus
1604 1038 1722 1061 venire
1746 1023 1857 1058 noluit
1871 1035 1885 1062 3

426 1090 511 1124 Lata
527 1090 659 1123 tandem
681 1086 746 1121 fuit
761 1097 778 1118 a
794 1084 912 1125 Judice
928 1079 1200 1125 Metropolitano
1215 1077 1386 1112 sententia
1405 1104 1415 1117 ‚
1437 1087 1504 1122 qua
1521 1076 1555 1109 in
1570 1075 1665 1108 cauta
1682 1072 1779 1108 civili
1796 1082 1890 1116 pro-v

424 1136 625 1171 nunciatum
653 1133 717 1168 fuit
743 1132 931 1168 Parochuin
954 1126 1018 1162 effe
1042 1127 1340 1172 redintegrandum
1354 1124 1393 1157 ad
1416 1122 1619 1158 exercitium
1646 1132 1732 1156 cure
1748 1119 1887 1153 anima-

425 1195 499 1218 rum
513 1209 522 1222 ,
550 1184 580 1217 δι
596 1181 837 1216 removendum
857 1176 921 1212 esse
935 1177 1150 1211 Sacerdotem
1168 1171 1355 1219 josephum
1372 1170 1530 1205 Pineiro.
1557 1179 1655 1211 eique
1678 1166 1886 1201 substituen-

426 1232 503 1265 dum
518 1229 581 1264 esse
608 1230 753 1264 alierum
768 1239 811 1262 ex
826 1222 1061 1260 Sacerdotibus
1075 1233 1093 1256 a
1120 1219 1273 1255 Parocho
1290 1217 1474 1253 nominatis
1487 1239 1495 1248 .
1532 1215 1570 1249 ln
1584 1213 1694 1248 Causa
1710 1225 1793 1248 vero
1816 1212 1890 1246 cri-

427 1277 545 1312 minali
561 1275 738 1311 mandavit
756 1273 864 1316 Judex
888 1271 972 1307 Aera
990 1268 1080 1304 tradi
1094 1267 1288 1303 Promotori
1306 1264 1426 1300 Fiscali
1445 1291 1454 1303 ,
1478 1263 1536 1309 qiii
1549 1288 1558 1300 ,
1585 1261 1607 1295 ii
1624 1260 1680 1295 sua
1700 1258 1891 1297 interesset,

428 1333 613 1369 opponeret
631 1350 640 1362 ‚
666 1331 766 1367 atque
795 1329 931 1367 ageret,
955 1317 1092 1352 interim
1112 1326 1193 1351 vero
1208 1311 1507 1355 Jusess'eParocho
1531 1312 1664 1344 domum
1679 1309 1769 1342 suain
1786 1317 1891 1352 repe-

430 1371 548 1410 tendi,
573 1369 718 1415 praestita
731 1369 891 1404 cautione
904 1368 942 1401 de
955 1365 986 1400 se
1000 1363 1237 1409 praesentando
1249 1364 1288 1397 ad
1301 1371 1402 1396 omne
1421 1358 1547 1400 Judicis
1565 1356 1761 1390 mandatum
1785 1381 1793 1389 .

377 1419 640 1455 Authoritatem
662 1417 710 1451 rei
736 1417 902 1457 Judicatae
919 1413 1046 1456 accepit
1063 1411 1133 1445 haec
1149 1410 1275 1450 judicis
1307 1405 1570 1451 Metropolitani
1587 1403 1754 1438 senventia
1771 1427 1782 1440 ,
1806 1411 1888 1435 cum

434 1467 548 1502 nullus
564 1462 789 1511 appellass'et,·
814 1461 985 1503 Expeditis
1000 1459 1115 1504 itaque
1140 1457 1250 1492 literis
1262 1452 1594 1502 Exeqoutorialibus
1612 1450 1798 1493 injunctum
1823 1448 1893 1481 tuit

434 1512 604 1548 Provisori
619 1537 628 1551 ‚
655 1510 796 1556 aliisque
820 1508 1034 1544 officialibus
1050 1505 1177 1544 Curiae‘
1192 1501 1416 1545 Lucenfissub
1443 1511 1538 1548 poensaz
1558 1498 1893 1536 excommunicatio-

431 1563 509 1599 m's,
534 1569 570 1595 ut
583 1571 655 1595 rein
668 1558 851 1598 iudicatam
874 1562 1142 1601 exequerentur,
1168 1563 1255 1591 neve
1278 1550 1467 1584 Pa'rochum
1489 1546 1532 1582 de
1554 1543 1703 1591 impletis
1728 1542 1892 1578 crimini-

431 1609 490 1642 bus
509 1608 735 1653 inquietarent
747 1634 755 1642 .
783 1606 978 1640 Pariturum
991 1603 1062 1638 sere
1077 1612 1170 1636 more
1184 1599 1242 1634 suo
1265 1596 1421 1633 Provisor
1436 1592 1593 1630 Lucensis
1607 1589 1782 1637 respondit
1799 1616 1806 1627 ,
1835 1589 1893 1624 sed

428 1656 469 1689 ad
484 1665 539 1688 eos
553 1681 563 1694 ,
589 1654 642 1700 qui
656 1656 796 1688 aderant
808 1680 816 1692 ,
844 1650 1024 1687 conversus
1050 1649 1197 1683 minatus
1210 1646 1255 1681 est
1269 1644 1397 1680 Paroch
1405 1654 1459 1677 um
1476 1642 1509 1676 in
1523 1650 1676 1676 carceres
1690 1638 1865 1678 conjicere
1877 1661 1889 1675 ,

428 1701 485 1736 ubi
501 1702 647 1736 animam
671 1699 825 1735 emiiiss'et
842 1726 852 1739 ,
879 1698 939 1733 nisi
957 1696 1152 1732 consensum
1177 1692 1344 1740 prcestaret
1359 1687 1568 1734 deputationi
1595 1685 1726 1731 josephi
1750 1684 1891 1718 Pineiro

429 1750 464 1784 in
484 1748 659 1784 Vicarium
673 1748 840 1783 Curatum
857 1774 866 1787 ‚
892 1747 922 1781 &
938 1744 1165 1790 appellationi
1187 1740 1396 1776 renunciaret
1418 1760 1428 1771 .
1457 1734 1612 1770 Rescivit
1637 1735 1669 1767 id
1695 1732 1865 1767 Parochus
1879 1756 1893 1770 ‚

432 1798 462 1831 δι
477 1795 533 1829 sibi
548 1807 671 1830 cavens
686 1804 781 1830 extra
800 1792 986 1829 Dioecesim
1011 1789 1198 1830 Lucensem
1211 1787 1397 1833 vagabatur
1412 1811 1421 1823 ,
1448 1793 1571 1818 novam
1587 1792 1656 1827 qut
1665 1791 1742 1815 rens
1761 1789 1864 1824 opem
1878 1802 1890 1816 ,

433 1841 717 1888 praefidiumquea
743 1841 849 1877 Curia
874 1839 1172 1884 Metropolitana.
1198 1835 1290 1870 Aliae
1315 1833 1419 1878 igitur
1443 1832 1484 1863 ab
1507 1829 1623 1863 eadem
1636 1828 1724 1862 datae
1752 1825 1893 1860 fuerunt

428 1891 540 1924 litera>
556 1917 564 1930 ‚
589 1892 710 1935 quibus
727 1889 874 1931 injuncta
891 1886 954 1921 fuit
975 1885 1147 1922 Provisori
1166 1881 1304 1918 Lucensi
1321 1906 1330 1919 ‚
1357 1880 1386 1913 ὅ(
1405 1877 1544 1922 josepho
1558 1876 1690 1911 Pineiro
1703 1882 1892 1919 exequutio

431 1938 660 1973 Decretorum
675 1964 683 1977 ‚
710 1948 781 1982 quae
800 1936 870 1971 lata
887 1933 1017 1969 fuerant
1040 1932 1217 1968 secundum
1232 1927 1422 1964 Parochum
1449 1925 1506 1966 sub
1525 1922 1891 1960 excommunicationis

426 1993 524 2031 poena
540 1985 609 2031 ipso
631 1985 723 2027 fac‘lo
751 1984 976 2022 incurrentia,
1006 1981 1051 2025 sic
1078 1990 1116 2014 ut
1143 1979 1266 2025 absque
1282 1976 1355 2009 ulla
1369 1975 1575 2010 monitione,
1604 1979 1772 2017 quatenns
1785 1968 1891 2002 denuo

426 2040 550 2078 pavere
569 2030 802 2076 detreccaffknt
815 2054 825 2068 ,
836 2031 1010 2066 declarari
1020 2027 1145 2076 possent
1158 2023 1447 2061 excommunicati
1464 2021 1632 2054 mediante
1646 2017 1822 2061 affixtones
1845 2017 1891 2048 ἔα*

426 2078 664 2125 publicatione
682 2079 878 2114 Cedolonom
892 2100 902 2111 .
921 2078 969 2111 At
985 2076 1032 2110 hae
1049 2075 1154 2109 literae
1170 2071 1256 2106 nihil
1277 2068 1435 2105 Parocho
1450 2064 1650 2112 profuerunt
1662 2090 1671 2103 ,
1694 2063 1781 2104 jussit
1798 2060 1893 2094 enim

432 2125 608 2165 provisor,
634 2133 671 2159 ut
684 2126 803 2160 domus
829 2151 837 2164 ‚
863 2125 893 2159 &
911 2125 1001 2158 bona
1026 2120 1169 2156 Parochi
1195 2117 1495 2154 venundarentur.
1522 2109 1688 2156 Confugit
1714 2108 1890 2144 Parochus

432 2172 471 2204 ad
487 2172 616 2218 asylum
630 2172 745 2207 Curiae
761 2170 1035 2216 Metropolitanae
1061 2177 1178 2214 petens
1194 2164 1427 2212 purgationem
1439 2169 1684 2195 attentaturum
1698 2183 1707 2196 ,
1734 2158 1765 2192 &
1779 2155 1890 2188 Curia

430 2217 699 2262 Metropolitana
713 2219 816 2253 tertio
841 2219 954 2253 literas
967 2217 1062 2252 dedit
1078 2240 1088 2254 ,
1112 2215 1233 2261 quibus
1247 2211 1491 2256 injungebatur
1514 2214 1700 2251 exequutio
1721 2204 1771 2238 rei
1787 2202 1893 2243 Judi-

433 2277 515 2301 catae
531 2267 587 2306 snb
597 2275 692 2313 poena
708 2266 1070 2302 excommunicationis
1084 2264 1163 2297 lacae
1175 2262 1346 2300 stntcntiae
1360 2283 1370 2296 ‚
1395 2267 1481 2290 neve
1508 2253 1671 2288 Provisor
1685 2252 1756 2286 ulla
1785 2249 1892 2283 ratio-

431 2326 475 2348 ne
488 2312 672 2349 offenderet
694 2312 912 2347 tabellionem
925 2337 934 2351 ,
960 2309 1019 2357 qui
1032 2311 1070 2345 ad
1092 2307 1289 2343 Civitatem
1307 2302 1494 2340 Lucensem
1515 2302 1650 2338 veniret
1665 2325 1675 2339 ‚
1700 2307 1741 2334 ut
1754 2296 1891 2333 easdem.

431 2362 548 2395 literas
561 2368 787 2406 exequeretur
807 2386 814 2395 .

386 2411 477 2444 Cum
491 2416 599 2443 autem
622 2407 767 2443 tabellio
782 2406 918 2441 aCuria
941 2403 1213 2450 Metropolitana
1239 2400 1352 2438 miffus
1378 2398 1530 2436 transiret
1544 2408 1603 2442 per
1629 2392 1824 2432 Parochiam
1848 2393 1892 2427 de

435 2458 468 2490 la
483 2462 585 2505 -Vega
608 2454 750 2501 reperiit
766 2453 941 2488 Ministros
956 2463 1057 2498 atque
1086 2450 1308 2496 Apparitores
1335 2448 1450 2483 Curia:
1474 2444 1683 2492 Episcopalis
1710 2437 1861 2477 Lucenfis
1878 2463 1889 2476 ,

433 2512 488 2545 qui
507 2501 642 2551 domum
654 2528 664 2541 ,
691 2503 720 2535 ὅ(
737 2503 821 2536 bona
835 2501 974 2535 Paroclii
990 2498 1182 2534 vendebant
1200 2525 1205 2531 .
1232 2497 1328 2531 Edita
1344 2495 1448 2541 igitur
1461 2491 1673 2527 commissone
1685 2489 1798 2523 Curia·
1814 2486 1891 2519 Me-

435 2548 657 2592 tropolitanae
678 2550 789 2584 vetuit
807 2549 846 2583 iis
864 2573 873 2586 ‚
899 2560 940 2582 ne
956 2547 985 2581 id
999 2555 1138 2591 agerent
1156 2558 1165 2582 ;
1191 2554 1369 2589 perventus
1384 2543 1458 2577 inde
1482 2542 1518 2576 in
1542 2538 1726 2574 Civitatem
1748 2534 1891 2568 Lucen-

434 2594 500 2629 sem
515 2619 524 2632 ,
551 2595 579 2627 &
597 2596 759 2630 mandatis
779 2595 1036 2640 Metropolitani
1061 2592 1222 2627 exhibitis
1249 2589 1420 2625 Provisori
1440 2616 1447 2628 ‚
1474 2589 1507 2622 in
1521 2596 1672 2622 carceres
1695 2579 1887 2625 indiguisti-

433 2652 488 2692 Πῖθ
509 2644 685 2681 conludius
703 2641 791 2679 fuit,
816 2644 845 2677 &
862 2642 1084 2687 compedibus
1108 2639 1237 2673 vinetus
1252 2664 1261 2677 ‚
1288 2638 1439 2682 idemque
1460 2635 1562 2669 fatum
1578 2631 1678 2678 paulo
1694 2629 1766 2677 post
1787 2627 1887 2662 obti-

434 2695 485 2733 glt
506 2687 658 2722 Parocho
674 2713 683 2725 ‚
705 2688 762 2732 qui
788 2687 894 2723 fretus
911 2690 1016 2723 literis
1045 2686 1160 2722 Ciiriae
1178 2685 1458 2732 Metropolitana:
1489 2682 1523 2716 in
1539 2679 1729 2713 Civitatem
1746 2676 1888 2709 Lucen-

437 2736 504 2771 iem
517 2743 659 2770 venerat
673 2757 684 2768 .
709 2734 793 2768 Haec
806 2735 862 2769 ubi
881 2737 918 2771 ad
934 2732 1237 2780 Arcbiepiscopuin
1255 2730 1569 2779 Coinpostellanutn
1584 2725 1695 2762 dalata
1720 2723 1858 2806 fuergnt
1872 2742 1883 2759 ‚

1753 2781 1790 2808 vi
1825 2781 1845 2805 a
