1978 3017
391 100 483 170 ἕξει-Ξ
497 129 653 175 Collegii
666 129 827 164 Decanus
839 150 849 164 ‚
862 125 896 160 &
912 123 942 159 S.
958 123 1005 159 R.
1018 121 1057 158 E.-
1073 121 1428 164 vicecancellarius
1440 152 1451 166 .
1461 136 1500 164 ut
1512 130 1552 165 de
1566 128 1631 164 hac
1644 138 1852 166 controver-

391 182 436 216 fia
453 178 559 213 animi
577 177 625 212 sui'
642 173 843 210 sententiam
868 170 1015 218 aperiret
1029 197 1039 206 .
1063 169 1137 217 lpse
1162 183 1243 208 vero
1259 172 1459 215 luculenta,
1483 176 1675 225 disertaque
1706 177 1854 224 Epistola

391 226 549 264 monstrat
566 226 710 270 primum
726 219 954 256 neceffitatem
968 219 1113 266 augendi
1127 230 1301 255 numerum
1318 220 1443 258 facium
1460 249 1470 263 ‚
1484 221 1560 258 inde
1574 225 1855 273 contraCapitu-

393 277 465 310 lum
480 271 658 317 respondit
673 297 683 312 ,
697 269 789 315 quod
802 280 915 304 curam
924 268 1047 302 habeat
1061 267 1272 304 habitualem
1287 269 1475 311 Parochiae.
1487 282 1596 318 neque
1606 274 1770 317 cogendos
1789 269 1857 305 ess'e

393 322 534 356 Sodales
546 321 586 354 ad
598 318 661 353 hoc
672 328 768 356 onus,
784 328 860 352 cum
872 327 914 351 ex
928 326 1041 350 eorum
1052 315 1210 351 instituto
1224 316 1263 350 ad
1279 315 1381 353 solam
1395 318 1643 364 associationem
1656 327 1856 356 teneantur;

394 379 505 414 neque
518 367 609 413 leges
626 377 741 401 eorum
755 363 1003 410 obligationem
1019 363 1128 398 ferant
1143 363 1310 409 praebendi
1322 364 1410 400 faces
1421 391 1430 405 ,
1455 365 1588 413 aliaque
1601 391 1612 405 ,
1642 377 1714 412 quae
1729 366 1770 402 ad
1784 365 1856 400 cul·

397 426 470 450 tum
481 415 653 461 pertinent
668 441 677 453 ‚
692 414 744 449 sed
759 423 886 446 meram
902 412 1068 457 pietatem
1083 438 1091 450 ,
1104 411 1309 458 religionem
1323 438 1334 452 ‚
1348 412 1379 447 &
1391 412 1589 460 obsequium
1601 424 1683 459 erga
1696 410 1855 460 augustis-

398 463 515 498 simum
529 462 785 498 Sacramentum
800 485 810 499 ,
834 471 909 505 quae
925 459 1003 493 satis
1020 458 1216 504 praestantur
1231 469 1302 494 tum
1319 460 1517 506 praebitione
1530 461 1584 496 sex
1603 460 1728 496 facium
1745 485 1755 498 ,
1782 468 1856 494 tum

399 510 545 546 aliarum
558 509 706 544 omnium
719 507 969 551 impensarum,
996 519 1069 552 quae
1090 509 1131 542 ab
1144 506 1218 554 ipsis
1231 504 1318 543 fiunt
1332 510 1364 542 in
1378 507 1495 543 Altari
1509 533 1520 547 ,
1542 509 1573 544 δι
1596 506 1786 554 Cappellat
1815 507 1857 539 de

400 569 540 593 numero
553 558 696 601 denique
717 555 840 591 facium
855 579 865 593 ,
889 567 963 601 quse
976 554 1134 601 augendae
1154 554 1241 596 sint,
1266 554 1355 590 nihil
1382 556 1557 591 decernit.
1583 556 1668 591 ch
1693 553 1860 590 Eminen-

403 605 542 640 tiffimus
556 605 576 639 S
604 604 651 639 R.
665 604 701 638 E.
720 602 1063 638 Vice—Cancellarius
1078 629 1087 637 .

354 652 467 688 Causa
491 663 581 687 nunc
611 650 887 686 Eminentiffimis
914 651 1064 685 Patribus
1090 648 1291 697 proponitur
1315 676 1326 690 ‚
1353 662 1492 697 quaeque
1521 650 1564 685 ab
1589 647 1859 686 Eminentiffimo

406 699 545 734 Thoma
558 696 660 733 Ruffo
675 698 759 733 dieta
777 696 853 731 sunt
866 723 875 736 ,
901 698 1006 732 latius
1020 697 1199 744 exequitur
1216 697 1333 732 libello
1346 698 1405 734 suo
1417 698 1622 734 Sodalitiuin
1637 724 1645 736 ‚
1659 707 1783 743 urgens
1796 706 1860 729 ne-

406 747 593 783 cessitatem
607 747 835 791 augendorum
849 744 1016 779 luminum
1029 769 1040 784 ‚
1068 756 1154 780 onus
1173 746 1236 780 hoc
1248 741 1312 779 esse
1329 745 1530 780 Parochiale
1547 773 1556 787 ,
1581 746 1612 780 &
1628 744 1721 789 sequi
1748 741 1862 789 Capi-

403 795 515 828 tulum
531 819 540 832 ,
563 794 597 828 8<
611 792 800 828 canonicis
813 819 822 831 ‚
849 791 906 837 qui
924 803 1045 827 curam
1075 792 1201 827 habent
1227 791 1433 826 habitualem
1449 817 1459 830 ‚
1488 793 1611 839 quique
1629 790 1862 837 pinguissimos

403 841 577 887 l'arochiae
594 841 743 876 redditus
758 867 767 881 ‚
798 839 831 874 δι
846 840 1076 874 emolumenta
1092 839 1293 885 percipiunt
1308 864 1317 877 ‚
1345 839 1456 873 soluta
1471 848 1604 875 tantum
1621 849 1778 883 congrua
1793 864 1802 877 ‚
1829 837 1860 871 ἃ

405 888 534 924 reliffls
546 888 661 933 paucis
676 886 872 933 quidusdam
884 887 1126 921 emolumentis
1144 883 1288 921 Vicario
1299 884 1431 921 Curato
1444 912 1455 929 ‚
1470 885 1598 933 quique
1612 884 1753 920 demum
1767 885 1862 918 dam-

407 936 480 971 nati
493 936 627 970 fuerunt
648 935 687 969 ad
701 933 793 969 faces
812 933 1009 979 praestandas
1024 945 1042 967 a
1057 934 1156 969 Sacra
1171 933 1449 980 Congregatione
1465 932 1680 968 Visitationis
1693 958 1704 971 ‚
1718 936 1756 966 ht
1771 930 1866 965 nulla

407 983 589 1018 vehemens
603 982 697 1017 ratio
711 983 804 1016 reddi
820 981 919 1027 possit
932 1007 940 1019 ,
956 992 1016 1016 cur
1032 993 1122 1016 nunc
1138 981 1174 1016 in
1188 982 1308 1015 eadem
1325 980 1434 1015 Causa
1446 980 1596 1015 damnari
1610 991 1676 1014 nori
1689 977 1863 1015 debeant3

409 1041 494 1065 onus
509 1030 570 1063 hoc
585 1041 602 1062 a
618 1029 792 1063 Sodalibus
806 1039 876 1061 non
901 1027 965 1062 esse
981 1027 1154 1063 serendum
1167 1054 1178 1067 ,
1201 1028 1259 1073 qui
1276 1028 1342 1062 alia
1368 1028 1512 1072 plurima
1546 1026 1663 1062 ferunt
1676 1054 1686 1067 ,
1725 1025 1784 1072 qui
1811 1026 1864 1060 li—

409 1079 528 1113 beram
556 1100 566 1113 2
602 1082 645 1112 (θ’
671 1083 865 1122 exemptam
900 1074 944 1109 ab
970 1078 1061 1110 omni
1086 1089 1186 1111 onere
1199 1074 1406 1119 cappellam
1428 1075 1644 1109 habuerunt.
1673 1074 1730 1119 qui
1755 1071 1867 1107 solum

410 1132 573 1158 tenentur
593 1120 797 1157 comitatum
822 1146 833 1159 ,
872 1120 904 1155 &
929 1121 1177 1166 affbciationem
1200 1121 1350 1166 prastare
1370 1120 1598 1167 augustissimo
1622 1121 1867 1156 Sacramenw,

411 1183 480 1206 non
507 1182 591 1205 vero
621 1169 713 1204 faces
737 1195 747 1208 ,
772 1166 833 1203 nisi
863 1179 945 1213 quas
973 1167 1131 1215 praebent
1158 1180 1200 1204 ex
1225 1169 1382 1203 diuturna
1395 1168 1539 1204 duorum
1558 1167 1755 1203 saeculorum
1778 1178 1868 1201 con-

412 1218 589 1254 suetudine
616 1230 625 1250 =
654 1227 831 1250 numerum
855 1215 1003 1260 denique
1031 1215 1157 1250 facium
1173 1242 1183 1256 ,
1207 1216 1360 1250 redarum
1376 1241 1386 1254 ‚
1410 1217 1441 1250 8<
1467 1215 1539 1250 lum
1555 1226 1634 1250 num
1662 1213 1868 1259 praefinitum

412 1278 482 1301 non
508 1263 600 1300 fuisse
626 1265 731 1298 Sacris
762 1263 894 1309 legibus
918 1277 928 1296 ε
959 1263 1118 1298 Concilia
1145 1263 1285 1308 quidem
1312 1262 1538 1298 Provincialia
1563 1289 1573 1302 ,
1603 1263 1634 1296 &
1663 1260 1868 1296 Dioecesana

410 1311 619 1349 constituisse
644 1338 652 1351 ‚
690 1320 728 1346 ut
753 1310 907 1356 pluribus
921 1336 930 1349 ‚
954 1321 1053 1357 quam
1078 1309 1151 1345 fieri
1176 1309 1281 1356 posset
1305 1323 1316 1348 ;
1347 1319 1522 1344 uteremur
1544 1334 1554 1347 ‚
1576 1309 1652 1343 aliis
1683 1306 1842 1350 placuisse
1857 1332 1869 1348 ,

412 1371 449 1396 ut
475 1372 543 1394 non
569 1370 681 1395 minor
704 1360 879 1393 duodecim
903 1369 1064 1394 numerus
1091 1356 1172 1391 esset
1196 1370 1207 1396 ς
1244 1357 1417 1393 ree‘tiffime
1445 1367 1532 1393 vero
1561 1354 1719 1391 monuisse
1746 1355 1867 1400 Ewgcl.

413 1408 596 1453 lib-&jur-
615 1413 729 1442 Cicnorz.
742 1410 844 1451 tit,4i
877 1414 946 1446 §.2.
962 1414 1105 1449 num-15.
1132 1410 1175 1442 &⁶
1203 1405 1414 1448 Franz-iseum
1447 1404 1608 1445 Costerum
1636 1406 1670 1437 in
1697 1403 1867 1437 Enchirid.

412 1465 570 1490 controv.
584 1455 622 1489 de
641 1456 742 1499 relig.
761 1463 775 1487 t
795 1463 809 1487 t
829 1459 865 1488 :z'e
882 1452 1027 1498 suaniffI
1049 1452 1338 1497 Eucharfolgzi.
1354 1477 1364 1490 ,
1390 1463 1431 1487 ex
1447 1448 1692 1486 consuetudine
1718 1447 1872 1494 singulo·

413 1515 490 1537 rum
521 1504 677 1538 locorum
711 1500 981 1536 constituendum
1007 1498 1071 1535 ess'e
1110 1509 1293 1535 numerum
1322 1498 1490 1534 luminum
1516 1524 1527 1537 ,
1566 1498 1741 1542 ritumque
1771 1495 1871 1530 dela-

412 1559 518 1585 thDlS
537 1576 545 1584 ·

367 1597 463 1633 Hinc
480 1600 521 1632 ab
539 1595 764 1642 Amplisiiinis
781 1595 941 1632 Patribus
955 1593 1191 1631 definiendum
1207 1593 1273 1630 effe
1289 1605 1468 1629 numerum
1485 1590 1627 1638 triginta
1638 1591 1873 1637 quadratarum

413 1644 539 1680 facium
555 1671 564 1684 ‚
591 1656 664 1688 quae
682 1656 700 1678 a
725 1644 895 1692 Capitulo
908 1671 918 1685 ‚
943 1645 973 1678 &
990 1643 1180 1678 Canonicis
1196 1644 1376 1688 praebendae
1389 1640 1470 1680 sint,
1493 1652 1569 1676 cum
1586 1639 1633 1673 ita
1647 1637 1779 1673 vetusta
1791 1647 1873 1671 con-

413 1692 589 1727 suetudine
603 1691 774 1726 servatum
788 1691 895 1727 fuerit
910 1692 944 1725 in
959 1691 1019 1725 hac
1032 1689 1171 1725 Basilica
1185 1715 1195 1729 ‚
1211 1702 1288 1727 cum
1307 1690 1351 1724 ita
1365 1689 1498 1724 servent
1514 1685 1638 1722 filiales
1654 1685 1727 1726 eius
1743 1683 1870 1734 Eccle-

413 1738 465 1774 siae
479 1767 488 1779 ,
502 1751 581 1774 cum
598 1739 642 1772 ita
658 1740 793 1774 servent
805 1739 884 1773 aliae
900 1737 1003 1772 Urbis
1017 1735 1168 1772 Ecclefiae
1183 1736 1397 1772 Parochiales
1413 1762 1421 1775 ‚
1439 1734 1607 1769 inferioris
1623 1732 1706 1768 licet
1719 1732 1874 1781 dignita·

414 1788 458 1821 tis
470 1813 479 1826 ‚
492 1797 632 1832 quaeque
645 1789 795 1821 minores
811 1786 936 1820 habent
949 1784 1100 1819 redditus
1111 1807 1120 1816 .
1137 1786 1254 1829 Atque
1273 1784 1341 1819 haec
1356 1782 1496 1819 sodales
1507 1805 1517 1815 .
1528 1781 1620 1827 Qia
1637 1778 1873 1822 veroCapitu-

412 1835 488 1869 lum
503 1860 511 1872 ‚
538 1833 559 1867 si
573 1832 670 1868 causa
686 1833 786 1867 eadat
800 1842 915 1867 eontra
931 1831 1070 1866 Sodales
1082 1842 1167 1865 onus
1182 1831 1244 1866 hoc
1261 1832 1404 1872 rejicere
1418 1830 1525 1864 studet
1539 1840 1572 1863 in
1599 1825 1779 1862 vicarium
1791 1823 1870 1858 Cu-

415 1889 530 1916 ratum
543 1907 553 1920 ‚
565 1880 676 1926 quiob
691 1880 721 1914 id
738 1881 876 1916 decreto
890 1879 979 1914 Sacri
994 1878 1095 1920 hujus
1109 1877 1312 1913 Tribunalis
1326 1878 1360 1912 in
1373 1879 1424 1921 jus
1435 1887 1577 1912 vocatus
1589 1874 1672 1913 suit,
1686 1873 1761 1908 ideo
1773 1871 1869 1922 suum

415 1930 447 1963 ὅ(
463 1928 529 1973 ipse
544 1927 701 1962 libellum
712 1927 825 1966 dedit,
853 1939 920 1973 qno
934 1938 951 1960 a
966 1927 997 1961 se
1010 1926 1073 1961 hoc
1087 1937 1171 1960 onus
1183 1934 1341 1960 avertere
1366 1923 1463 1971 gestit
1477 1950 1487 1964 ‚
1509 1923 1688 1969 disputans
1712 1919 1870 1969 Capitu-

415 1975 487 2010 lum
503 1988 543 2010 ex
558 1974 774 2020 laud0‚quod
784 1974 865 2009 tulit
880 1974 1073 2008 Cardinali's
1087 1973 1287 2008 Alexander
1301 1972 1497 2008 Montaltus
1511 1982 1600 2005 anno
1618 1971 1735 2006 1618„
1748 1974 1869 2010 acqui-

414 2021 523 2057 iiviss'e
539 2022 683 2068 pingues
696 2020 853 2057 redditus
873 2020 1045 2057 Parochiae
1061 2022 1094 2054 in
1112 2031 1222 2056 annua
1246 2020 1373 2055 summa
1395 2019 1588 2059 scutisoo.
1602 2041 1612 2055 .
1626 2016 1657 2051 &
1674 2015 1869 2063 damnatum

413 2068 510 2104 fuisse
524 2072 560 2104 ad
577 2071 693 2117 plures
708 2068 874 2115 expensas
886 2094 896 2108 ,
921 2080 994 2114 quae
1009 2067 1197 2113 respiciunt
1218 2067 1421 2102 exercitium
1432 2078 1522 2102 curae
1539 2064 1729 2100 animarum
1742 2085 1752 2099 ‚
1777 2066 1867 2093 itaut

414 2126 489 2151 tum
500 2128 543 2151 ex
559 2117 657 2152 causa
670 2116 831 2157 redditus,
841 2116 929 2163 quia
943 2116 1108 2161 Capitulo
1122 2114 1317 2160 percipitur,
1332 2124 1403 2149 tum
1413 2125 1455 2148 ex
1470 2112 1566 2149 causa
1580 2109 1723 2145 aliarum
1733 2116 1869 2151 expen-

414 2165 524 2199 sarum
539 2176 622 2210 quas
638 2163 749 2199 subire
763 2173 897 2199 tenetur
913 2175 976 2210 pro
989 2174 1077 2198 curae
1091 2161 1259 2198 exercitio
1274 2187 1284 2200 ‚
1297 2162 1416 2208 colligi
1431 2161 1554 2196 debeat
1567 2168 1652 2192 onus
1666 2157 1729 2190 hoc
1743 2164 1811 2188 non
1826 2152 1869 2187 ad

418 2211 598 2246 Vicarium
615 2221 810 2256 perpetuum
824 2238 833 2251 ,
849 2211 900 2246 sed
913 2211 954 2244 ad
969 2210 1170 2256 Capitulum
1184 2212 1360 2255 pertinere
1375 2235 1384 2248 ‚
1397 2207 1583 2255 praesertIm
1595 2214 1672 2240 cum
1687 2199 1868 2252 eademst

414 2269 506 2294 ratio
520 2284 531 2298 ‚
555 2259 668 2294 necin
688 2258 786 2300 laudo
800 2259 952 2293 taxativa
966 2257 1078 2303 aliqua
1091 2257 1193 2292 dictio
1205 2268 1223 2290 a
1236 2255 1411 2292 Cardinali
1437 2253 1569 2291 arbitro
1582 2251 1709 2293 adieossa
1736 2247 1837 2283 fuerit
1850 2271 1864 2287 ,

415 2317 456 2340 ex
479 2317 545 2352 qua
565 2305 606 2341 ad
630 2316 686 2340 eas
710 2313 843 2339 tantum
868 2304 1087 2340 Parochiales
1111 2302 1291 2349 expensa,
1315 2303 1428 2338 &non
1441 2301 1480 2336 ad
1493 2299 1577 2335 alias
1591 2297 1736 2335 similes,
1760 2296 1791 2330 ἃ
1806 2294 1864 2345 sua

414 2361 535 2388 natura
550 2380 558 2393 ,
571 2351 628 2386 vel
643 2351 788 2398 paritate
802 2352 948 2387 rationis
961 2351 1050 2387 iniis
1061 2349 1317 2394 comprehensas
1328 2348 1528 2394 Capitulum
1544 2353 1739 2381 teneretur·
1753 2341 1866 2378 Addit

414 2400 692 2435 consuetudinem
705 2400 808 2434 etiam
821 2398 1003 2444 specialem
1016 2426 1026 2439 ‚
1049 2410 1116 2440 qua
1132 2395 1255 2432 saelum
1270 2396 1316 2432 est
1329 2422 1339 2436 ‚
1363 2404 1400 2431 ut
1414 2393 1617 2439 Capitulum
1639 2400 1753 2428 cereas
1777 2399 1864 2423 oua-

414 2450 527 2483 dratas
542 2448 629 2482 faces
645 2447 824 2492 praebuerit
836 2472 846 2486 ,
871 2457 1042 2493 nunquam
1058 2445 1212 2481 Vicarius
1226 2453 1432 2491 perpetuus:
1460 2444 1657 2477 damnatum
1681 2434 1776 2473 fuisse
1791 2435 1866 2471 Ca-

415 2496 563 2540 pitulum
575 2507 595 2529 a
612 2497 709 2531 Sacra
720 2493 1004 2540 Congregatione
1015 2492 1226 2528 Visitationis
1236 2492 1276 2527 ad
1289 2499 1437 2538 quatuor
1454 2488 1544 2524 faces
1557 2484 1756 2536 praestandas
1768 2509 1779 2523 ‚
1800 2493 1866 2519 nee

415 2550 532 2577 tamen
545 2540 719 2586 postulasse
734 2553 752 2576 a
768 2541 911 2577 vicario
926 2567 936 2580 ‚
956 2551 994 2576 ut
1007 2540 1074 2587 ipse
1087 2541 1150 2575 hoc
1161 2550 1246 2574 onus
1260 2539 1406 2574 subiret:
1421 2537 1575 2584 iniquum
1587 2532 1651 2586 esse
1661 2558 1672 2572 ‚
1684 2540 1723 2567 ut
1736 2541 1772 2565 11¹
1788 2539 1867 2564 ΜΩ·

415 2596 451 2620 ta
467 2590 661 2625 reddituum
674 2614 684 2629 ,
707 2599 790 2635 quos
807 2589 876 2635 ipse
891 2588 1036 2634 percipit
1049 2587 1219 2623 tenuitate
1231 2611 1242 2625 ,
1267 2595 1429 2631 tantaque
1443 2584 1673 2632 diminutiouq
1684 2604 1694 2617 ‚
1706 2587 1866 2627 quantam

415 2635 522 2679 passus
535 2636 582 2670 est
597 2637 703 2671 laudo
718 2635 916 2671 Cardinalis
931 2635 1096 2671 Montalti
1109 2661 1119 2674 ,
1145 2634 1210 2670 hoc
1226 2633 1327 2669 etiam
1343 2643 1473 2668 novum
1488 2640 1572 2665 onus
1587 2627 1768 2662 adiciatur.
1785 2625 1868 2660 Alia

415 2684 514 2718 addit
531 2682 561 2716 V
571 2683 690 2717 icarius
703 2710 711 2723 ‚
724 2695 797 2729 quae
815 2682 1072 2718 Eminentissimi
1086 2683 1203 2717 Patres
1218 2682 1251 2716 in
1265 2679 1392 2716 libello
1404 2679 1448 2715 ab
1460 2689 1503 2715 eo
1518 2678 1594 2713 dato
1608 2673 1778 2721 legent.A
1790 2670 1868 2708 Ca-

414 2731 528 2776 pitulo
544 2755 555 2771 ,
573 2730 605 2764 &
619 2729 811 2765 canonicis
825 2755 837 2770 ,
858 2731 948 2766 nihil
961 2731 1137 2766 habuimus
1148 2754 1159 2765 .
1187 2729 1348 2765 Dubium
1360 2726 1408 2763 est
1419 2753 1428 2765 .
1741 2771 1800 2803 An
