<?xml version="1.0" encoding="UTF-8"?>
<!DOCTYPE html PUBLIC "-//W3C//DTD XHTML 1.0 Transitional//EN"
    "http://www.w3.org/TR/xhtml1/DTD/xhtml1-transitional.dtd">
<html xmlns="http://www.w3.org/1999/xhtml" xml:lang="en" lang="en">
 <head>
  <title>
</title>
<meta http-equiv="Content-Type" content="text/html;charset=utf-8" />
  <meta name='ocr-system' content='tesseract 3.04.00' />
  <meta name='ocr-capabilities' content='ocr_page ocr_carea ocr_par ocr_line ocrx_word'/>
</head>
<body>
  <div class='ocr_page' id='page_1' title='image "./thesaurusresolut18cath_0371.png"; bbox 0 0 1977 3028; ppageno 0'>
   <div class='ocr_carea' id='block_1_1' title="bbox 127 119 1588 204">
    <p class='ocr_par' dir='ltr' id='par_1_1' title="bbox 127 119 1588 204">
     <span class='ocr_line' id='line_1_1' title="bbox 127 119 1588 204; baseline 0.008 -23"><span class='ocrx_word' id='word_1_1' title='bbox 127 148 180 183; x_wconf 74' lang='lat' dir='ltr'>die</span> <span class='ocrx_word' id='word_1_2' title='bbox 196 146 247 182; x_wconf 85' lang='lat'>28.</span> <span class='ocrx_word' id='word_1_3' title='bbox 263 140 444 189; x_wconf 63' lang='lat' dir='ltr'>februarii</span> <span class='ocrx_word' id='word_1_4' title='bbox 459 171 469 185; x_wconf 84' lang='lat'><strong>,</strong></span> <span class='ocrx_word' id='word_1_5' title='bbox 495 147 694 194; x_wconf 72' lang='lat' dir='ltr'>accepitque</span> <span class='ocrx_word' id='word_1_6' title='bbox 708 148 905 196; x_wconf 81' lang='lat' dir='ltr'>responsum</span> <span class='ocrx_word' id='word_1_7' title='bbox 920 167 939 188; x_wconf 67' lang='lat' dir='ltr'>e·</span> <span class='ocrx_word' id='word_1_8' title='bbox 953 154 1077 186; x_wconf 73' lang='lat' dir='ltr'>Dilata</span> <span class='ocrx_word' id='word_1_9' title='bbox 1091 175 1101 191; x_wconf 89' lang='lat'>,</span> <span class='ocrx_word' id='word_1_10' title='bbox 1114 152 1342 196; x_wconf 73' lang='lat' dir='ltr'>&amp;scribat-ur</span> <span class='ocrx_word' id='word_1_11' title='bbox 1355 158 1511 204; x_wconf 81' lang='lat' dir='ltr'><em>Episcopo</em></span> <span class='ocrx_word' id='word_1_12' title='bbox 1523 119 1588 204; x_wconf 45' lang='lat' dir='ltr'>piu:</span> 
     </span>
    </p>
   </div>
   <div class='ocr_carea' id='block_1_2' title="bbox 87 193 1586 343">
    <p class='ocr_par' dir='ltr' id='par_1_2' title="bbox 87 193 1586 343">
     <span class='ocr_line' id='line_1_2' title="bbox 130 193 1586 248; baseline 0.01 -24"><span class='ocrx_word' id='word_1_13' title='bbox 130 193 370 235; x_wconf 75' lang='lat' dir='ltr'>Informatione</span> <span class='ocrx_word' id='word_1_14' title='bbox 388 218 399 232; x_wconf 90' lang='lat'><strong>,</strong></span> <span class='ocrx_word' id='word_1_15' title='bbox 425 197 467 230; x_wconf 62' lang='grc' dir='ltr'>(γ’</span> <span class='ocrx_word' id='word_1_16' title='bbox 485 200 571 231; x_wconf 85' lang='lat' dir='ltr'>Voto</span> <span class='ocrx_word' id='word_1_17' title='bbox 585 198 716 231; x_wconf 83' lang='lat' dir='ltr'>auditis</span> <span class='ocrx_word' id='word_1_18' title='bbox 735 197 906 232; x_wconf 69' lang='lat' dir='ltr'>‘Partibus</span> <span class='ocrx_word' id='word_1_19' title='bbox 921 217 937 223; x_wconf 90' lang='lat'><em>-</em></span> <span class='ocrx_word' id='word_1_20' title='bbox 963 207 999 232; x_wconf 91' lang='lat' dir='ltr'>ut</span> <span class='ocrx_word' id='word_1_21' title='bbox 1014 197 1046 232; x_wconf 89' lang='lat' dir='ltr'>in</span> <span class='ocrx_word' id='word_1_22' title='bbox 1071 198 1194 236; x_wconf 86' lang='lat' dir='ltr'>eodem</span> <span class='ocrx_word' id='word_1_23' title='bbox 1222 206 1301 238; x_wconf 88' lang='lat' dir='ltr'><em>Vol.</em></span> <span class='ocrx_word' id='word_1_24' title='bbox 1325 207 1411 239; x_wconf 82' lang='lat' dir='ltr'><em>XIX.</em></span> <span class='ocrx_word' id='word_1_25' title='bbox 1431 205 1586 248; x_wconf 83' lang='lat' dir='ltr'>Thesaur.</span> 
     </span>
     <span class='ocr_line' id='line_1_3' title="bbox 130 238 1099 291; baseline 0.003 -15"><span class='ocrx_word' id='word_1_26' title='bbox 130 243 204 276; x_wconf 57' lang='lat' dir='ltr'>&amp;a</span> <span class='ocrx_word' id='word_1_27' title='bbox 222 238 324 275; x_wconf 89' lang='lat' dir='ltr'>Nune</span> <span class='ocrx_word' id='word_1_28' title='bbox 337 238 453 286; x_wconf 84' lang='lat' dir='ltr'>itaque</span> <span class='ocrx_word' id='word_1_29' title='bbox 470 243 577 287; x_wconf 80' lang='lat' dir='ltr'>tertio</span> <span class='ocrx_word' id='word_1_30' title='bbox 613 243 792 291; x_wconf 84' lang='lat' dir='ltr'>roponitur</span> <span class='ocrx_word' id='word_1_31' title='bbox 810 270 821 283; x_wconf 94' lang='lat'>‚</span> <span class='ocrx_word' id='word_1_32' title='bbox 845 254 883 279; x_wconf 85' lang='lat' dir='ltr'>ut</span> <span class='ocrx_word' id='word_1_33' title='bbox 895 243 1077 291; x_wconf 80' lang='lat' dir='ltr'>definiatur</span> <span class='ocrx_word' id='word_1_34' title='bbox 1090 270 1099 280; x_wconf 89' lang='lat'><strong>.</strong></span> 
     </span>
     <span class='ocr_line' id='line_1_4' title="bbox 87 285 1317 343; baseline 0.008 -21"><span class='ocrx_word' id='word_1_35' title='bbox 87 285 195 329; x_wconf 54' lang='lat' dir='ltr'>{Anfit</span> <span class='ocrx_word' id='word_1_36' title='bbox 207 287 439 331; x_wconf 83' lang='lat' dir='ltr'>consulendum</span> <span class='ocrx_word' id='word_1_37' title='bbox 457 292 571 335; x_wconf 64' lang='lat' dir='ltr'>Sanbli</span> <span class='ocrx_word' id='word_1_38' title='bbox 595 303 659 326; x_wconf 73' lang='lat' dir='ltr'>imo</span> <span class='ocrx_word' id='word_1_39' title='bbox 668 299 734 338; x_wconf 82' lang='lat' dir='ltr'>pro</span> <span class='ocrx_word' id='word_1_40' title='bbox 748 292 938 337; x_wconf 74' lang='lat' dir='ltr'><em>concessione</em></span> <span class='ocrx_word' id='word_1_41' title='bbox 955 294 1084 343; x_wconf 72' lang='lat' dir='ltr'>Indulci</span> <span class='ocrx_word' id='word_1_42' title='bbox 1097 298 1132 329; x_wconf 81' lang='lat' dir='ltr'>in</span> <span class='ocrx_word' id='word_1_43' title='bbox 1153 297 1228 340; x_wconf 74' lang='lat' dir='ltr'>casu</span> <span class='ocrx_word' id='word_1_44' title='bbox 1241 301 1317 334; x_wconf 56' lang='lat' dir='ltr'>&amp;a</span> 
     </span>
    </p>
   </div>
   <div class='ocr_carea' id='block_1_3' title="bbox 185 362 1290 437">
    <p class='ocr_par' dir='ltr' id='par_1_3' title="bbox 185 362 1290 437">
     <span class='ocr_line' id='line_1_5' title="bbox 185 362 1290 437; baseline 0.008 -20"><span class='ocrx_word' id='word_1_45' title='bbox 185 381 330 420; x_wconf 57' lang='lat' dir='ltr'>Dilata,</span> <span class='ocrx_word' id='word_1_46' title='bbox 354 383 386 429; x_wconf 69' lang='lat' dir='ltr'>§t</span> <span class='ocrx_word' id='word_1_47' title='bbox 402 393 617 431; x_wconf 80' lang='lat' dir='ltr'>proponatur</span> <span class='ocrx_word' id='word_1_48' title='bbox 633 384 670 420; x_wconf 87' lang='lat' dir='ltr'>in</span> <span class='ocrx_word' id='word_1_49' title='bbox 683 362 790 436; x_wconf 67' lang='lat' dir='ltr'>prsma</span> <span class='ocrx_word' id='word_1_50' title='bbox 816 388 887 435; x_wconf 88' lang='lat' dir='ltr'>post</span> <span class='ocrx_word' id='word_1_51' title='bbox 910 389 1026 437; x_wconf 79' lang='lat' dir='ltr'>Reges</span> <span class='ocrx_word' id='word_1_52' title='bbox 1051 388 1155 423; x_wconf 81' lang='lat' dir='ltr'>etiam</span> <span class='ocrx_word' id='word_1_53' title='bbox 1169 391 1267 426; x_wconf 82' lang='lat' dir='ltr'>unica</span> <span class='ocrx_word' id='word_1_54' title='bbox 1280 416 1290 426; x_wconf 91' lang='lat'>.</span> 
     </span>
    </p>
   </div>
   <div class='ocr_carea' id='block_1_4' title="bbox 87 475 1894 761">
    <p class='ocr_par' dir='ltr' id='par_1_4' title="bbox 87 475 1894 761">
     <span class='ocr_line' id='line_1_6' title="bbox 87 475 1894 562; baseline 0.01 -51"><span class='ocrx_word' id='word_1_55' title='bbox 87 478 180 562; x_wconf 89' lang='lat' dir='ltr'>N</span> <span class='ocrx_word' id='word_1_56' title='bbox 197 475 526 523; x_wconf 78' lang='lat' dir='ltr'>EAPOLITANA</span> <span class='ocrx_word' id='word_1_57' title='bbox 540 475 929 525; x_wconf 55' lang='lat' dir='ltr'>REStlTUTIOle</span> <span class='ocrx_word' id='word_1_58' title='bbox 946 482 995 518; x_wconf 90' lang='lat' dir='ltr'>IN</span> <span class='ocrx_word' id='word_1_59' title='bbox 1012 482 1300 522; x_wconf 82' lang='lat' dir='ltr'>INTEGRUM.</span> <span class='ocrx_word' id='word_1_60' title='bbox 1326 486 1504 535; x_wconf 59' lang='lat' dir='ltr'>‚Proposita</span> <span class='ocrx_word' id='word_1_61' title='bbox 1519 490 1585 526; x_wconf 74' lang='lat' dir='ltr'>fuit</span> <span class='ocrx_word' id='word_1_62' title='bbox 1648 496 1727 536; x_wconf 62' lang='lat' dir='ltr'>Sefs.</span> <span class='ocrx_word' id='word_1_63' title='bbox 1747 506 1894 541; x_wconf 48' lang='lat'>2501&amp;</span> 
     </span>
     <span class='ocr_line' id='line_1_7' title="bbox 159 523 1847 590; baseline 0.009 -32"><span class='ocrx_word' id='word_1_64' title='bbox 159 564 162 567; x_wconf 27' lang='lat'>¹</span> <span class='ocrx_word' id='word_1_65' title='bbox 208 526 276 571; x_wconf 82' lang='lat' dir='ltr'>haec</span> <span class='ocrx_word' id='word_1_66' title='bbox 293 523 404 569; x_wconf 84' lang='lat' dir='ltr'>Causa</span> <span class='ocrx_word' id='word_1_67' title='bbox 420 526 456 571; x_wconf 83' lang='lat' dir='ltr'>in</span> <span class='ocrx_word' id='word_1_68' title='bbox 475 532 738 576; x_wconf 76' lang='lat' dir='ltr'><em>congregatione</em></span> <span class='ocrx_word' id='word_1_69' title='bbox 759 531 874 566; x_wconf 79' lang='lat' dir='ltr'>habita</span> <span class='ocrx_word' id='word_1_70' title='bbox 888 535 942 578; x_wconf 62' lang='grc' dir='ltr'>αῖς</span> <span class='ocrx_word' id='word_1_71' title='bbox 957 541 1010 578; x_wconf 89' lang='lat'>29.</span> <span class='ocrx_word' id='word_1_72' title='bbox 1028 534 1216 579; x_wconf 73' lang='lat' dir='ltr'>sitperioris</span> <span class='ocrx_word' id='word_1_73' title='bbox 1232 540 1352 570; x_wconf 75' lang='lat' dir='ltr'>Ments</span> <span class='ocrx_word' id='word_1_74' title='bbox 1366 536 1480 579; x_wconf 58' lang='grc' dir='ltr'>ῖῗιιίἱι,</span> <span class='ocrx_word' id='word_1_75' title='bbox 1508 537 1586 576; x_wconf 79' lang='lat' dir='ltr'>Du·</span> <span class='ocrx_word' id='word_1_76' title='bbox 1622 544 1659 578; x_wconf 63' lang='lat' dir='ltr'>de</span> <span class='ocrx_word' id='word_1_77' title='bbox 1677 536 1792 590; x_wconf 62' lang='lat' dir='ltr'>Repul,</span> <span class='ocrx_word' id='word_1_78' title='bbox 1840 538 1847 542; x_wconf 79' lang='grc'><em>“</em></span> 
     </span>
     <span class='ocr_line' id='line_1_8' title="bbox 133 572 1738 628; baseline 0.007 -20"><span class='ocrx_word' id='word_1_79' title='bbox 133 573 257 617; x_wconf 86' lang='lat' dir='ltr'>bioque</span> <span class='ocrx_word' id='word_1_80' title='bbox 272 596 284 609; x_wconf 82' lang='lat'>,</span> <span class='ocrx_word' id='word_1_81' title='bbox 294 572 384 617; x_wconf 86' lang='lat' dir='ltr'>quod</span> <span class='ocrx_word' id='word_1_82' title='bbox 396 582 472 613; x_wconf 83' lang='lat' dir='ltr'>erat</span> <span class='ocrx_word' id='word_1_83' title='bbox 487 593 500 600; x_wconf 93' lang='lat'><em>-</em></span> <span class='ocrx_word' id='word_1_84' title='bbox 518 579 626 621; x_wconf 60' lang='lat' dir='ltr'>,Anfit</span> <span class='ocrx_word' id='word_1_85' title='bbox 640 576 734 613; x_wconf 65' lang='lat' dir='ltr'>locus</span> <span class='ocrx_word' id='word_1_86' title='bbox 748 578 956 620; x_wconf 78' lang='lat' dir='ltr'>restitutioni</span> <span class='ocrx_word' id='word_1_87' title='bbox 964 582 997 615; x_wconf 86' lang='lat' dir='ltr'>in</span> <span class='ocrx_word' id='word_1_88' title='bbox 1015 588 1185 624; x_wconf 69' lang='lat' dir='ltr'>integrum</span> <span class='ocrx_word' id='word_1_89' title='bbox 1200 585 1234 616; x_wconf 87' lang='lat' dir='ltr'>in</span> <span class='ocrx_word' id='word_1_90' title='bbox 1248 584 1324 626; x_wconf 52' lang='lat' dir='ltr'>cas&amp;</span> <span class='ocrx_word' id='word_1_91' title='bbox 1338 587 1411 620; x_wconf 63' lang='lat' dir='ltr'>&amp;a</span> <span class='ocrx_word' id='word_1_92' title='bbox 1426 602 1439 608; x_wconf 92' lang='lat'><em>—</em></span> <span class='ocrx_word' id='word_1_93' title='bbox 1452 582 1586 628; x_wconf 89' lang='lat' dir='ltr'>respon·</span> <span class='ocrx_word' id='word_1_94' title='bbox 1620 583 1624 587; x_wconf 53' lang='grc'><em>“</em></span> <span class='ocrx_word' id='word_1_95' title='bbox 1717 580 1738 591; x_wconf 56' lang='lat'>“³</span> 
     </span>
     <span class='ocr_line' id='line_1_9' title="bbox 131 619 1584 671; baseline 0.011 -19"><span class='ocrx_word' id='word_1_96' title='bbox 131 619 181 654; x_wconf 85' lang='lat' dir='ltr'>dit</span> <span class='ocrx_word' id='word_1_97' title='bbox 193 621 328 664; x_wconf 79' lang='lat' dir='ltr'>Sacrum</span> <span class='ocrx_word' id='word_1_98' title='bbox 341 619 514 663; x_wconf 80' lang='lat' dir='ltr'>Tribunal</span> <span class='ocrx_word' id='word_1_99' title='bbox 529 642 546 648; x_wconf 83' lang='lat'><em>—</em></span> <span class='ocrx_word' id='word_1_100' title='bbox 574 628 757 671; x_wconf 74' lang='lat' dir='ltr'>‘Negative</span> <span class='ocrx_word' id='word_1_101' title='bbox 771 649 782 660; x_wconf 84' lang='lat'><strong>.</strong></span> <span class='ocrx_word' id='word_1_102' title='bbox 807 627 861 661; x_wconf 91' lang='lat' dir='ltr'>Ad</span> <span class='ocrx_word' id='word_1_103' title='bbox 875 638 1001 662; x_wconf 89' lang='lat' dir='ltr'>novum</span> <span class='ocrx_word' id='word_1_104' title='bbox 1016 627 1363 667; x_wconf 79' lang='lat' dir='ltr'>Eminentiflimorum</span> <span class='ocrx_word' id='word_1_105' title='bbox 1379 631 1514 666; x_wconf 79' lang='lat' dir='ltr'>Patrum</span> <span class='ocrx_word' id='word_1_106' title='bbox 1526 644 1584 668; x_wconf 83' lang='lat' dir='ltr'>re-</span> 
     </span>
     <span class='ocr_line' id='line_1_10' title="bbox 131 665 1582 726; baseline 0.011 -26"><span class='ocrx_word' id='word_1_107' title='bbox 131 667 181 701; x_wconf 85' lang='lat' dir='ltr'>dit</span> <span class='ocrx_word' id='word_1_108' title='bbox 196 665 364 712; x_wconf 75' lang='lat' dir='ltr'>judicium</span> <span class='ocrx_word' id='word_1_109' title='bbox 379 668 415 704; x_wconf 83' lang='lat' dir='ltr'>P.</span> <span class='ocrx_word' id='word_1_110' title='bbox 434 668 611 713; x_wconf 69' lang='lat' dir='ltr'>florianus</span> <span class='ocrx_word' id='word_1_111' title='bbox 630 672 806 712; x_wconf 83' lang='lat' dir='ltr'>Floriani,</span> <span class='ocrx_word' id='word_1_112' title='bbox 841 675 872 710; x_wconf 77' lang='grc' dir='ltr'>δι</span> <span class='ocrx_word' id='word_1_113' title='bbox 896 675 1043 722; x_wconf 85' lang='lat' dir='ltr'>repetita</span> <span class='ocrx_word' id='word_1_114' title='bbox 1061 674 1209 722; x_wconf 59' lang='lat' dir='ltr'>leitione</span> <span class='ocrx_word' id='word_1_115' title='bbox 1223 677 1313 713; x_wconf 77' lang='lat' dir='ltr'>Folic&#39;</span> <span class='ocrx_word' id='word_1_116' title='bbox 1326 678 1427 713; x_wconf 66' lang='lat' dir='ltr'>illius</span> <span class='ocrx_word' id='word_1_117' title='bbox 1444 685 1582 726; x_wconf 60' lang='lat' dir='ltr'>Congre-</span> 
     </span>
     <span class='ocr_line' id='line_1_11' title="bbox 125 715 694 761; baseline 0.014 -14"><span class='ocrx_word' id='word_1_118' title='bbox 125 716 283 761; x_wconf 84' lang='lat' dir='ltr'>gationis</span> <span class='ocrx_word' id='word_1_119' title='bbox 300 739 311 752; x_wconf 82' lang='lat'><strong>,</strong></span> <span class='ocrx_word' id='word_1_120' title='bbox 334 715 596 761; x_wconf 89' lang='lat' dir='ltr'>respondendum</span> <span class='ocrx_word' id='word_1_121' title='bbox 609 720 694 755; x_wconf 85' lang='lat' dir='ltr'>erit.</span> 
     </span>
    </p>
   </div>
   <div class='ocr_carea' id='block_1_5' title="bbox 90 760 1485 818">
    <p class='ocr_par' dir='ltr' id='par_1_5' title="bbox 90 760 1485 818">
     <span class='ocr_line' id='line_1_12' title="bbox 90 760 1485 818; baseline 0.011 -21"><span class='ocrx_word' id='word_1_122' title='bbox 90 768 148 798; x_wconf 68' lang='lat' dir='ltr'>An</span> <span class='ocrx_word' id='word_1_123' title='bbox 155 761 201 804; x_wconf 85' lang='lat' dir='ltr'>fit</span> <span class='ocrx_word' id='word_1_124' title='bbox 207 760 361 802; x_wconf 84' lang='lat' dir='ltr'>standum</span> <span class='ocrx_word' id='word_1_125' title='bbox 373 789 385 803; x_wconf 90' lang='lat'>‚</span> <span class='ocrx_word' id='word_1_126' title='bbox 407 765 468 800; x_wconf 80' lang='lat' dir='ltr'>vel</span> <span class='ocrx_word' id='word_1_127' title='bbox 481 769 699 805; x_wconf 82' lang='lat' dir='ltr'>recedendum</span> <span class='ocrx_word' id='word_1_128' title='bbox 713 780 733 802; x_wconf 86' lang='lat' dir='ltr'>a</span> <span class='ocrx_word' id='word_1_129' title='bbox 757 769 870 813; x_wconf 72' lang='lat' dir='ltr'>deczsts</span> <span class='ocrx_word' id='word_1_130' title='bbox 884 771 918 806; x_wconf 83' lang='lat' dir='ltr'>in</span> <span class='ocrx_word' id='word_1_131' title='bbox 931 771 1006 815; x_wconf 74' lang='lat' dir='ltr'>casu</span> <span class='ocrx_word' id='word_1_132' title='bbox 1021 773 1095 818; x_wconf 5' lang='lat' dir='ltr'>&amp;cpu</span> <span class='ocrx_word' id='word_1_133' title='bbox 1472 767 1485 795; x_wconf 32' lang='grc' dir='ltr'>κ</span> 
     </span>
    </p>
   </div>
   <div class='ocr_carea' id='block_1_6' title="bbox 175 857 472 908">
    <p class='ocr_par' dir='ltr' id='par_1_6' title="bbox 175 857 472 908">
     <span class='ocr_line' id='line_1_13' title="bbox 175 857 472 908; baseline 0.01 -16"><span class='ocrx_word' id='word_1_134' title='bbox 175 857 258 892; x_wconf 89' lang='lat' dir='ltr'>Non</span> <span class='ocrx_word' id='word_1_135' title='bbox 276 858 472 908; x_wconf 70' lang='lat' dir='ltr'>proposita,</span> 
     </span>
    </p>
   </div>
   <div class='ocr_carea' id='block_1_7' title="bbox 73 952 1893 2761">
    <p class='ocr_par' dir='ltr' id='par_1_7' title="bbox 79 952 1893 1036">
     <span class='ocr_line' id='line_1_14' title="bbox 79 952 1893 1036; baseline 0.012 -50"><span class='ocrx_word' id='word_1_136' title='bbox 79 952 401 1036; x_wconf 70' lang='lat' dir='ltr'><strong>CELSONEN,</strong></span> <span class='ocrx_word' id='word_1_137' title='bbox 418 982 428 996; x_wconf 91' lang='lat'>,</span> <span class='ocrx_word' id='word_1_138' title='bbox 454 958 543 993; x_wconf 79' lang='lat' dir='ltr'>SEU</span> <span class='ocrx_word' id='word_1_139' title='bbox 558 958 832 998; x_wconf 76' lang='lat' dir='ltr'><strong>URGELLEN.</strong></span> <span class='ocrx_word' id='word_1_140' title='bbox 858 961 1187 999; x_wconf 82' lang='lat' dir='ltr'>BENEPLACITI</span> <span class='ocrx_word' id='word_1_141' title='bbox 1203 989 1211 1000; x_wconf 88' lang='lat'><strong><em>.</em></strong></span> <span class='ocrx_word' id='word_1_142' title='bbox 1239 962 1397 999; x_wconf 84' lang='lat' dir='ltr'>Montem</span> <span class='ocrx_word' id='word_1_143' title='bbox 1420 967 1581 1012; x_wconf 80' lang='lat' dir='ltr'>ampliffi-</span> <span class='ocrx_word' id='word_1_144' title='bbox 1646 978 1729 1019; x_wconf 62' lang='lat' dir='ltr'><em>Sess,</em></span> <span class='ocrx_word' id='word_1_145' title='bbox 1746 982 1893 1018; x_wconf 61' lang='lat' dir='ltr'>2s-ce110&#39;</span> 
     </span>
    </p>

    <p class='ocr_par' dir='ltr' id='par_1_8' title="bbox 116 1003 1890 2137">
     <span class='ocr_line' id='line_1_15' title="bbox 183 1003 1748 1069; baseline 0.016 -35"><span class='ocrx_word' id='word_1_146' title='bbox 183 1012 277 1036; x_wconf 90' lang='lat' dir='ltr'>mum</span> <span class='ocrx_word' id='word_1_147' title='bbox 291 1003 395 1050; x_wconf 87' lang='lat' dir='ltr'>vulgo</span> <span class='ocrx_word' id='word_1_148' title='bbox 410 1007 619 1051; x_wconf 84' lang='lat' dir='ltr'>appellatum</span> <span class='ocrx_word' id='word_1_149' title='bbox 643 1010 677 1044; x_wconf 74' lang='lat' dir='ltr'>la</span> <span class='ocrx_word' id='word_1_150' title='bbox 697 1022 878 1056; x_wconf 79' lang='lat' dir='ltr'>montagna</span> <span class='ocrx_word' id='word_1_151' title='bbox 910 1012 965 1048; x_wconf 85' lang='lat' dir='ltr'>del</span> <span class='ocrx_word' id='word_1_152' title='bbox 988 1011 1152 1052; x_wconf 77' lang='lat' dir='ltr'>Prevosto</span> <span class='ocrx_word' id='word_1_153' title='bbox 1167 1012 1202 1047; x_wconf 73' lang='lat' dir='ltr'>in</span> <span class='ocrx_word' id='word_1_154' title='bbox 1221 1009 1346 1047; x_wconf 72' lang='lat' dir='ltr'>finibus</span> <span class='ocrx_word' id='word_1_155' title='bbox 1367 1011 1493 1049; x_wconf 65' lang='lat' dir='ltr'>Galliae</span> <span class='ocrx_word' id='word_1_156' title='bbox 1512 1041 1523 1054; x_wconf 84' lang='lat'>‚</span> <span class='ocrx_word' id='word_1_157' title='bbox 1547 1016 1581 1055; x_wconf 84' lang='lat'>&amp;</span> <span class='ocrx_word' id='word_1_158' title='bbox 1622 1025 1660 1060; x_wconf 84' lang='lat' dir='ltr'>de</span> <span class='ocrx_word' id='word_1_159' title='bbox 1677 1024 1748 1069; x_wconf 74' lang='lat' dir='ltr'>Ref-</span> 
     </span>
     <span class='ocr_line' id='line_1_16' title="bbox 124 1047 1627 1109; baseline 0.009 -27"><span class='ocrx_word' id='word_1_160' title='bbox 124 1047 368 1098; x_wconf 45' lang='lat' dir='ltr'>Cathaloniat?</span> <span class='ocrx_word' id='word_1_161' title='bbox 392 1051 424 1085; x_wconf 76' lang='lat'>8&lt;</span> <span class='ocrx_word' id='word_1_162' title='bbox 441 1053 475 1099; x_wconf 84' lang='lat' dir='ltr'>in</span> <span class='ocrx_word' id='word_1_163' title='bbox 491 1054 642 1091; x_wconf 83' lang='lat' dir='ltr'>Dioecefi</span> <span class='ocrx_word' id='word_1_164' title='bbox 666 1055 855 1102; x_wconf 83' lang='lat' dir='ltr'>Vrgellensi</span> <span class='ocrx_word' id='word_1_165' title='bbox 880 1057 978 1093; x_wconf 80' lang='lat' dir='ltr'>situm</span> <span class='ocrx_word' id='word_1_166' title='bbox 994 1057 1138 1102; x_wconf 81' lang='lat' dir='ltr'>possidet</span> <span class='ocrx_word' id='word_1_167' title='bbox 1155 1059 1379 1104; x_wconf 67' lang='lat' dir='ltr'>Praepofitura</span> <span class='ocrx_word' id='word_1_168' title='bbox 1401 1059 1582 1109; x_wconf 79' lang='lat' dir='ltr'>Collegia-</span> <span class='ocrx_word' id='word_1_169' title='bbox 1620 1060 1627 1069; x_wconf 59' lang='lat'>²</span> 
     </span>
     <span class='ocr_line' id='line_1_17' title="bbox 123 1095 1581 1155; baseline 0.011 -26"><span class='ocrx_word' id='word_1_170' title='bbox 123 1105 166 1131; x_wconf 84' lang='lat' dir='ltr'>tae</span> <span class='ocrx_word' id='word_1_171' title='bbox 178 1095 333 1144; x_wconf 72' lang='lat' dir='ltr'>Ecclesiae</span> <span class='ocrx_word' id='word_1_172' title='bbox 348 1098 511 1140; x_wconf 74' lang='lat' dir='ltr'>Lilletti&#39;,</span> <span class='ocrx_word' id='word_1_173' title='bbox 532 1114 605 1150; x_wconf 83' lang='lat' dir='ltr'>quae</span> <span class='ocrx_word' id='word_1_174' title='bbox 620 1101 680 1138; x_wconf 84' lang='lat' dir='ltr'>sita</span> <span class='ocrx_word' id='word_1_175' title='bbox 693 1104 738 1137; x_wconf 88' lang='lat' dir='ltr'>est</span> <span class='ocrx_word' id='word_1_176' title='bbox 755 1106 786 1140; x_wconf 88' lang='lat' dir='ltr'>in</span> <span class='ocrx_word' id='word_1_177' title='bbox 813 1104 880 1140; x_wconf 88' lang='lat' dir='ltr'>alia</span> <span class='ocrx_word' id='word_1_178' title='bbox 895 1104 1049 1140; x_wconf 77' lang='lat' dir='ltr'>Dioecefi</span> <span class='ocrx_word' id='word_1_179' title='bbox 1076 1104 1273 1145; x_wconf 84' lang='lat' dir='ltr'>Celsonenfi</span> <span class='ocrx_word' id='word_1_180' title='bbox 1289 1130 1300 1141; x_wconf 87' lang='lat'><strong>.</strong></span> <span class='ocrx_word' id='word_1_181' title='bbox 1323 1107 1455 1142; x_wconf 83' lang='lat' dir='ltr'>Montis</span> <span class='ocrx_word' id='word_1_182' title='bbox 1480 1110 1581 1155; x_wconf 80' lang='lat' dir='ltr'>hujus</span> 
     </span>
     <span class='ocr_line' id='line_1_18' title="bbox 120 1142 1581 1205; baseline 0.01 -28"><span class='ocrx_word' id='word_1_183' title='bbox 120 1154 198 1189; x_wconf 84' lang='lat' dir='ltr'>pars</span> <span class='ocrx_word' id='word_1_184' title='bbox 214 1142 342 1190; x_wconf 77' lang='lat' dir='ltr'>pascuis</span> <span class='ocrx_word' id='word_1_185' title='bbox 356 1146 483 1190; x_wconf 76' lang='lat' dir='ltr'>optima</span> <span class='ocrx_word' id='word_1_186' title='bbox 497 1148 544 1185; x_wconf 88' lang='lat' dir='ltr'>est</span> <span class='ocrx_word' id='word_1_187' title='bbox 562 1175 572 1188; x_wconf 93' lang='lat'>‚</span> <span class='ocrx_word' id='word_1_188' title='bbox 596 1150 702 1186; x_wconf 83' lang='lat' dir='ltr'>altera</span> <span class='ocrx_word' id='word_1_189' title='bbox 714 1152 848 1198; x_wconf 85' lang='lat' dir='ltr'>sylvam</span> <span class='ocrx_word' id='word_1_190' title='bbox 874 1152 976 1188; x_wconf 82' lang='lat' dir='ltr'>habet</span> <span class='ocrx_word' id='word_1_191' title='bbox 990 1179 999 1191; x_wconf 91' lang='lat'>‚</span> <span class='ocrx_word' id='word_1_192' title='bbox 1028 1152 1223 1200; x_wconf 83' lang='lat' dir='ltr'>vastumque</span> <span class='ocrx_word' id='word_1_193' title='bbox 1240 1165 1356 1189; x_wconf 86' lang='lat' dir='ltr'>nemus</span> <span class='ocrx_word' id='word_1_194' title='bbox 1383 1155 1553 1192; x_wconf 87' lang='lat' dir='ltr'>abietibus</span> <span class='ocrx_word' id='word_1_195' title='bbox 1569 1182 1581 1205; x_wconf 53' lang='lat'><em>2</em></span> 
     </span>
     <span class='ocr_line' id='line_1_19' title="bbox 120 1190 1582 1247; baseline 0.011 -23"><span class='ocrx_word' id='word_1_196' title='bbox 120 1191 210 1236; x_wconf 82' lang='lat' dir='ltr'>pinis</span> <span class='ocrx_word' id='word_1_197' title='bbox 235 1190 458 1238; x_wconf 84' lang='lat' dir='ltr'>sylvestribus</span> <span class='ocrx_word' id='word_1_198' title='bbox 473 1220 483 1234; x_wconf 81' lang='lat'>,</span> <span class='ocrx_word' id='word_1_199' title='bbox 511 1197 651 1243; x_wconf 75' lang='lat' dir='ltr'>aliisque</span> <span class='ocrx_word' id='word_1_200' title='bbox 664 1200 841 1235; x_wconf 82' lang='lat' dir='ltr'>arboribus</span> <span class='ocrx_word' id='word_1_201' title='bbox 856 1225 866 1238; x_wconf 89' lang='lat'>‚</span> <span class='ocrx_word' id='word_1_202' title='bbox 890 1212 962 1246; x_wconf 87' lang='lat' dir='ltr'>quae</span> <span class='ocrx_word' id='word_1_203' title='bbox 976 1199 1102 1235; x_wconf 72' lang='lat' dir='ltr'>fructus</span> <span class='ocrx_word' id='word_1_204' title='bbox 1129 1212 1197 1235; x_wconf 92' lang='lat' dir='ltr'>non</span> <span class='ocrx_word' id='word_1_205' title='bbox 1221 1201 1371 1247; x_wconf 74' lang='lat' dir='ltr'>reddunt</span> <span class='ocrx_word' id='word_1_206' title='bbox 1395 1203 1557 1238; x_wconf 79' lang='lat' dir='ltr'>consitum</span> <span class='ocrx_word' id='word_1_207' title='bbox 1572 1230 1582 1240; x_wconf 90' lang='lat'>.</span> 
     </span>
     <span class='ocr_line' id='line_1_20' title="bbox 120 1237 1580 1293; baseline 0.01 -20"><span class='ocrx_word' id='word_1_208' title='bbox 120 1237 204 1273; x_wconf 83' lang='lat' dir='ltr'>Erat</span> <span class='ocrx_word' id='word_1_209' title='bbox 220 1237 254 1284; x_wconf 85' lang='lat' dir='ltr'>in</span> <span class='ocrx_word' id='word_1_210' title='bbox 268 1238 332 1274; x_wconf 92' lang='lat' dir='ltr'>hoc</span> <span class='ocrx_word' id='word_1_211' title='bbox 346 1238 468 1276; x_wconf 82' lang='lat' dir='ltr'>Monte</span> <span class='ocrx_word' id='word_1_212' title='bbox 482 1243 658 1281; x_wconf 67' lang='lat' dir='ltr'>:edificium</span> <span class='ocrx_word' id='word_1_213' title='bbox 674 1272 683 1285; x_wconf 91' lang='lat'>‚</span> <span class='ocrx_word' id='word_1_214' title='bbox 708 1248 796 1293; x_wconf 85' lang='lat' dir='ltr'>quod</span> <span class='ocrx_word' id='word_1_215' title='bbox 821 1255 947 1293; x_wconf 86' lang='lat' dir='ltr'>vocant</span> <span class='ocrx_word' id='word_1_216' title='bbox 962 1249 1190 1284; x_wconf 73' lang='lat' dir='ltr'>Molendinum</span> <span class='ocrx_word' id='word_1_217' title='bbox 1215 1276 1225 1289; x_wconf 93' lang='lat'>‚</span> <span class='ocrx_word' id='word_1_218' title='bbox 1254 1247 1401 1289; x_wconf 81' lang='lat' dir='ltr'>secandis</span> <span class='ocrx_word' id='word_1_219' title='bbox 1428 1250 1580 1287; x_wconf 80' lang='lat' dir='ltr'>Tabulis</span> 
     </span>
     <span class='ocr_line' id='line_1_21' title="bbox 120 1286 1579 1344; baseline 0.01 -25"><span class='ocrx_word' id='word_1_220' title='bbox 120 1293 237 1331; x_wconf 75' lang='lat' dir='ltr'>aptum</span> <span class='ocrx_word' id='word_1_221' title='bbox 250 1311 260 1326; x_wconf 89' lang='lat'><strong>,</strong></span> <span class='ocrx_word' id='word_1_222' title='bbox 287 1286 339 1322; x_wconf 89' lang='lat' dir='ltr'>sed</span> <span class='ocrx_word' id='word_1_223' title='bbox 355 1286 418 1324; x_wconf 85' lang='lat' dir='ltr'>hoc</span> <span class='ocrx_word' id='word_1_224' title='bbox 430 1290 612 1326; x_wconf 87' lang='lat' dir='ltr'>aedificium</span> <span class='ocrx_word' id='word_1_225' title='bbox 628 1292 787 1336; x_wconf 83' lang='lat' dir='ltr'>incendio</span> <span class='ocrx_word' id='word_1_226' title='bbox 801 1295 1013 1339; x_wconf 85' lang='lat' dir='ltr'>absumptum</span> <span class='ocrx_word' id='word_1_227' title='bbox 1028 1295 1094 1330; x_wconf 83' lang='lat' dir='ltr'>fuit</span> <span class='ocrx_word' id='word_1_228' title='bbox 1108 1323 1118 1333; x_wconf 83' lang='lat'><strong>.</strong></span> <span class='ocrx_word' id='word_1_229' title='bbox 1145 1295 1221 1331; x_wconf 77' lang='lat' dir='ltr'>Pars</span> <span class='ocrx_word' id='word_1_230' title='bbox 1238 1297 1298 1331; x_wconf 82' lang='lat' dir='ltr'>illa</span> <span class='ocrx_word' id='word_1_231' title='bbox 1315 1297 1448 1343; x_wconf 86' lang='lat' dir='ltr'>Montis</span> <span class='ocrx_word' id='word_1_232' title='bbox 1469 1325 1479 1338; x_wconf 93' lang='lat'>,</span> <span class='ocrx_word' id='word_1_233' title='bbox 1504 1311 1579 1344; x_wconf 85' lang='lat' dir='ltr'>quae</span> 
     </span>
     <span class='ocr_line' id='line_1_22' title="bbox 120 1331 1579 1391; baseline 0.01 -25"><span class='ocrx_word' id='word_1_234' title='bbox 120 1331 255 1380; x_wconf 82' lang='lat' dir='ltr'>pascuis</span> <span class='ocrx_word' id='word_1_235' title='bbox 271 1334 434 1370; x_wconf 86' lang='lat' dir='ltr'>destinata</span> <span class='ocrx_word' id='word_1_236' title='bbox 453 1338 499 1373; x_wconf 87' lang='lat' dir='ltr'>est</span> <span class='ocrx_word' id='word_1_237' title='bbox 513 1362 524 1376; x_wconf 81' lang='lat'>,</span> <span class='ocrx_word' id='word_1_238' title='bbox 548 1339 583 1384; x_wconf 84' lang='lat' dir='ltr'>in</span> <span class='ocrx_word' id='word_1_239' title='bbox 599 1341 868 1390; x_wconf 86' lang='lat' dir='ltr'>emphytheusim</span> <span class='ocrx_word' id='word_1_240' title='bbox 882 1342 964 1388; x_wconf 84' lang='lat' dir='ltr'>data</span> <span class='ocrx_word' id='word_1_241' title='bbox 979 1342 1045 1378; x_wconf 89' lang='lat' dir='ltr'>fuit</span> <span class='ocrx_word' id='word_1_242' title='bbox 1066 1340 1177 1387; x_wconf 87' lang='lat' dir='ltr'>pretio</span> <span class='ocrx_word' id='word_1_243' title='bbox 1202 1344 1365 1387; x_wconf 85' lang='lat' dir='ltr'>librarum</span> <span class='ocrx_word' id='word_1_244' title='bbox 1390 1357 1495 1391; x_wconf 77' lang='lat'><em>3500.</em></span> <span class='ocrx_word' id='word_1_245' title='bbox 1508 1374 1518 1386; x_wconf 90' lang='lat'>,</span> <span class='ocrx_word' id='word_1_246' title='bbox 1546 1348 1579 1381; x_wconf 86' lang='lat'>&amp;</span> 
     </span>
     <span class='ocr_line' id='line_1_23' title="bbox 121 1383 1579 1438; baseline 0.01 -24"><span class='ocrx_word' id='word_1_247' title='bbox 121 1391 233 1426; x_wconf 72' lang='lat' dir='ltr'>annue</span> <span class='ocrx_word' id='word_1_248' title='bbox 246 1392 373 1417; x_wconf 81' lang='lat' dir='ltr'>canone</span> <span class='ocrx_word' id='word_1_249' title='bbox 392 1383 555 1421; x_wconf 85' lang='lat' dir='ltr'>librarum</span> <span class='ocrx_word' id='word_1_250' title='bbox 575 1398 625 1427; x_wconf 81' lang='lat'>30-</span> <span class='ocrx_word' id='word_1_251' title='bbox 644 1401 654 1426; x_wconf 91' lang='lat'>;</span> <span class='ocrx_word' id='word_1_252' title='bbox 683 1399 849 1433; x_wconf 71' lang='lat' dir='ltr'>renovata</span> <span class='ocrx_word' id='word_1_253' title='bbox 864 1398 978 1425; x_wconf 88' lang='lat' dir='ltr'>tamen</span> <span class='ocrx_word' id='word_1_254' title='bbox 994 1402 1010 1424; x_wconf 87' lang='lat' dir='ltr'>a</span> <span class='ocrx_word' id='word_1_255' title='bbox 1033 1390 1176 1436; x_wconf 76' lang='lat' dir='ltr'>josepho</span> <span class='ocrx_word' id='word_1_256' title='bbox 1189 1391 1312 1433; x_wconf 77' lang='lat' dir='ltr'>Padros</span> <span class='ocrx_word' id='word_1_257' title='bbox 1324 1393 1503 1438; x_wconf 71' lang='lat' dir='ltr'>Praeposito</span> <span class='ocrx_word' id='word_1_258' title='bbox 1517 1395 1579 1428; x_wconf 87' lang='lat' dir='ltr'>hac</span> 
     </span>
     <span class='ocr_line' id='line_1_24' title="bbox 118 1427 1579 1480; baseline 0.01 -20"><span class='ocrx_word' id='word_1_259' title='bbox 118 1427 320 1473; x_wconf 72' lang='lat' dir='ltr'>emphiteufi</span> <span class='ocrx_word' id='word_1_260' title='bbox 335 1433 450 1476; x_wconf 82' lang='lat' dir='ltr'>paucis</span> <span class='ocrx_word' id='word_1_261' title='bbox 467 1434 602 1477; x_wconf 82' lang='lat' dir='ltr'>abhinc</span> <span class='ocrx_word' id='word_1_262' title='bbox 615 1437 711 1472; x_wconf 81' lang='lat' dir='ltr'>annis</span> <span class='ocrx_word' id='word_1_263' title='bbox 728 1464 737 1477; x_wconf 86' lang='lat'>,</span> <span class='ocrx_word' id='word_1_264' title='bbox 759 1437 874 1473; x_wconf 78' lang='lat' dir='ltr'>auCtus</span> <span class='ocrx_word' id='word_1_265' title='bbox 894 1438 960 1474; x_wconf 88' lang='lat' dir='ltr'>fuit</span> <span class='ocrx_word' id='word_1_266' title='bbox 973 1438 1079 1473; x_wconf 85' lang='lat' dir='ltr'>canon</span> <span class='ocrx_word' id='word_1_267' title='bbox 1094 1441 1132 1472; x_wconf 84' lang='lat' dir='ltr'>ad</span> <span class='ocrx_word' id='word_1_268' title='bbox 1154 1449 1281 1473; x_wconf 82' lang='lat' dir='ltr'>annuas</span> <span class='ocrx_word' id='word_1_269' title='bbox 1299 1439 1404 1480; x_wconf 80' lang='lat' dir='ltr'>libras</span> <span class='ocrx_word' id='word_1_270' title='bbox 1427 1446 1486 1475; x_wconf 84' lang='lat'>60.</span> <span class='ocrx_word' id='word_1_271' title='bbox 1498 1440 1579 1476; x_wconf 83' lang='lat' dir='ltr'>Pars</span> 
     </span>
     <span class='ocr_line' id='line_1_25' title="bbox 118 1474 1579 1532; baseline 0.01 -23"><span class='ocrx_word' id='word_1_272' title='bbox 118 1474 231 1522; x_wconf 80' lang='lat' dir='ltr'>altera</span> <span class='ocrx_word' id='word_1_273' title='bbox 249 1474 381 1512; x_wconf 84' lang='lat' dir='ltr'>Montis</span> <span class='ocrx_word' id='word_1_274' title='bbox 396 1501 406 1515; x_wconf 88' lang='lat'><strong>,</strong></span> <span class='ocrx_word' id='word_1_275' title='bbox 431 1492 498 1526; x_wconf 85' lang='lat' dir='ltr'>qua</span> <span class='ocrx_word' id='word_1_276' title='bbox 521 1478 638 1517; x_wconf 79' lang='lat' dir='ltr'>sedent</span> <span class='ocrx_word' id='word_1_277' title='bbox 652 1496 792 1520; x_wconf 85' lang='lat' dir='ltr'>nemora</span> <span class='ocrx_word' id='word_1_278' title='bbox 809 1512 818 1526; x_wconf 89' lang='lat'>,</span> <span class='ocrx_word' id='word_1_279' title='bbox 846 1486 875 1520; x_wconf 76' lang='grc' dir='ltr'>δι</span> <span class='ocrx_word' id='word_1_280' title='bbox 893 1484 997 1530; x_wconf 69' lang='lat' dir='ltr'>sylva:</span> <span class='ocrx_word' id='word_1_281' title='bbox 1015 1484 1141 1520; x_wconf 86' lang='lat' dir='ltr'>variam</span> <span class='ocrx_word' id='word_1_282' title='bbox 1154 1485 1273 1520; x_wconf 79' lang='lat' dir='ltr'>habuit</span> <span class='ocrx_word' id='word_1_283' title='bbox 1287 1497 1305 1519; x_wconf 93' lang='lat' dir='ltr'>a</span> <span class='ocrx_word' id='word_1_284' title='bbox 1318 1485 1504 1532; x_wconf 63' lang='lat' dir='ltr'>Pioepofitis</span> <span class='ocrx_word' id='word_1_285' title='bbox 1518 1489 1579 1523; x_wconf 88' lang='lat' dir='ltr'>de-</span> 
     </span>
     <span class='ocr_line' id='line_1_26' title="bbox 118 1520 1578 1579; baseline 0.011 -24"><span class='ocrx_word' id='word_1_286' title='bbox 118 1520 332 1568; x_wconf 78' lang='lat' dir='ltr'>stinationem</span> <span class='ocrx_word' id='word_1_287' title='bbox 351 1538 360 1570; x_wconf 75' lang='grc' dir='ltr'><em>ς</em></span> <span class='ocrx_word' id='word_1_288' title='bbox 388 1526 491 1572; x_wconf 86' lang='lat' dir='ltr'>Nunc</span> <span class='ocrx_word' id='word_1_289' title='bbox 507 1528 597 1564; x_wconf 89' lang='lat' dir='ltr'>enim</span> <span class='ocrx_word' id='word_1_290' title='bbox 613 1530 745 1579; x_wconf 79' lang='lat' dir='ltr'>integre</span> <span class='ocrx_word' id='word_1_291' title='bbox 760 1560 769 1572; x_wconf 90' lang='lat'><em>,</em></span> <span class='ocrx_word' id='word_1_292' title='bbox 795 1544 883 1568; x_wconf 86' lang='lat' dir='ltr'>nunc</span> <span class='ocrx_word' id='word_1_293' title='bbox 903 1543 963 1578; x_wconf 89' lang='lat' dir='ltr'>pro</span> <span class='ocrx_word' id='word_1_294' title='bbox 988 1542 1082 1578; x_wconf 88' lang='lat' dir='ltr'>parte</span> <span class='ocrx_word' id='word_1_295' title='bbox 1104 1533 1245 1568; x_wconf 89' lang='lat' dir='ltr'>vendita</span> <span class='ocrx_word' id='word_1_296' title='bbox 1261 1558 1272 1571; x_wconf 87' lang='lat'>,</span> <span class='ocrx_word' id='word_1_297' title='bbox 1297 1533 1353 1568; x_wconf 85' lang='lat' dir='ltr'>seu</span> <span class='ocrx_word' id='word_1_298' title='bbox 1369 1534 1479 1569; x_wconf 84' lang='lat' dir='ltr'>locata</span> <span class='ocrx_word' id='word_1_299' title='bbox 1494 1535 1578 1576; x_wconf 84' lang='lat' dir='ltr'>suit,</span> 
     </span>
     <span class='ocr_line' id='line_1_27' title="bbox 118 1571 1581 1623; baseline 0.009 -20"><span class='ocrx_word' id='word_1_300' title='bbox 118 1578 159 1603; x_wconf 91' lang='lat' dir='ltr'>ut</span> <span class='ocrx_word' id='word_1_301' title='bbox 171 1571 274 1617; x_wconf 78' lang='lat' dir='ltr'>carbo</span> <span class='ocrx_word' id='word_1_302' title='bbox 292 1597 302 1610; x_wconf 91' lang='lat'>,</span> <span class='ocrx_word' id='word_1_303' title='bbox 328 1571 423 1618; x_wconf 84' lang='lat' dir='ltr'>ligna</span> <span class='ocrx_word' id='word_1_304' title='bbox 437 1601 447 1614; x_wconf 85' lang='lat'>‚</span> <span class='ocrx_word' id='word_1_305' title='bbox 475 1576 599 1612; x_wconf 84' lang='lat' dir='ltr'>tabulae</span> <span class='ocrx_word' id='word_1_306' title='bbox 628 1579 871 1621; x_wconf 86' lang='lat' dir='ltr'>efficerentur,</span> <span class='ocrx_word' id='word_1_307' title='bbox 893 1590 983 1616; x_wconf 89' lang='lat' dir='ltr'>nunc</span> <span class='ocrx_word' id='word_1_308' title='bbox 1008 1580 1084 1616; x_wconf 75' lang='lat' dir='ltr'>data</span> <span class='ocrx_word' id='word_1_309' title='bbox 1101 1579 1168 1615; x_wconf 79' lang='lat' dir='ltr'>fuit</span> <span class='ocrx_word' id='word_1_310' title='bbox 1184 1607 1194 1620; x_wconf 87' lang='lat'>‚</span> <span class='ocrx_word' id='word_1_311' title='bbox 1216 1591 1253 1614; x_wconf 87' lang='lat' dir='ltr'>ut</span> <span class='ocrx_word' id='word_1_312' title='bbox 1267 1582 1407 1617; x_wconf 85' lang='lat' dir='ltr'>arbores</span> <span class='ocrx_word' id='word_1_313' title='bbox 1422 1582 1581 1623; x_wconf 86' lang='lat' dir='ltr'>secaren-</span> 
     </span>
     <span class='ocr_line' id='line_1_28' title="bbox 117 1617 1579 1673; baseline 0.011 -23"><span class='ocrx_word' id='word_1_314' title='bbox 117 1624 174 1651; x_wconf 82' lang='lat' dir='ltr'>tur</span> <span class='ocrx_word' id='word_1_315' title='bbox 191 1643 200 1656; x_wconf 86' lang='lat'>‚</span> <span class='ocrx_word' id='word_1_316' title='bbox 225 1625 262 1652; x_wconf 92' lang='lat' dir='ltr'>ut</span> <span class='ocrx_word' id='word_1_317' title='bbox 276 1617 396 1655; x_wconf 84' lang='lat' dir='ltr'>fierent</span> <span class='ocrx_word' id='word_1_318' title='bbox 423 1623 554 1662; x_wconf 84' lang='lat' dir='ltr'>trabes,</span> <span class='ocrx_word' id='word_1_319' title='bbox 581 1626 613 1659; x_wconf 68' lang='grc' dir='ltr'>ὅ(</span> <span class='ocrx_word' id='word_1_320' title='bbox 639 1628 760 1662; x_wconf 68' lang='lat' dir='ltr'>tabulae</span> <span class='ocrx_word' id='word_1_321' title='bbox 785 1639 855 1673; x_wconf 88' lang='lat' dir='ltr'>ope</span> <span class='ocrx_word' id='word_1_322' title='bbox 882 1629 1073 1664; x_wconf 73' lang='lat' dir='ltr'>Molendim·</span> <span class='ocrx_word' id='word_1_323' title='bbox 1088 1629 1180 1668; x_wconf 81' lang='lat' dir='ltr'>,.seu</span> <span class='ocrx_word' id='word_1_324' title='bbox 1197 1628 1368 1663; x_wconf 79' lang='lat' dir='ltr'>Fabricae.</span> <span class='ocrx_word' id='word_1_325' title='bbox 1392 1629 1579 1666; x_wconf 84' lang='lat' dir='ltr'>Combusto</span> 
     </span>
     <span class='ocr_line' id='line_1_29' title="bbox 117 1663 1578 1723; baseline 0.01 -26"><span class='ocrx_word' id='word_1_326' title='bbox 117 1663 264 1699; x_wconf 85' lang='lat' dir='ltr'>aedificio</span> <span class='ocrx_word' id='word_1_327' title='bbox 276 1691 286 1704; x_wconf 94' lang='lat'>‚</span> <span class='ocrx_word' id='word_1_328' title='bbox 314 1665 371 1701; x_wconf 87' lang='lat' dir='ltr'>seu</span> <span class='ocrx_word' id='word_1_329' title='bbox 389 1667 593 1705; x_wconf 86' lang='lat' dir='ltr'>Molendino</span> <span class='ocrx_word' id='word_1_330' title='bbox 605 1700 612 1709; x_wconf 90' lang='lat'><strong>‚</strong></span> <span class='ocrx_word' id='word_1_331' title='bbox 640 1676 725 1720; x_wconf 86' lang='lat' dir='ltr'>quod</span> <span class='ocrx_word' id='word_1_332' title='bbox 744 1674 791 1709; x_wconf 86' lang='lat' dir='ltr'>ita</span> <span class='ocrx_word' id='word_1_333' title='bbox 805 1671 969 1716; x_wconf 74' lang='lat' dir='ltr'>vocatur,</span> <span class='ocrx_word' id='word_1_334' title='bbox 991 1676 1070 1723; x_wconf 89' lang='lat' dir='ltr'>quia</span> <span class='ocrx_word' id='word_1_335' title='bbox 1085 1677 1178 1721; x_wconf 71' lang='lat' dir='ltr'>ligna</span> <span class='ocrx_word' id='word_1_336' title='bbox 1192 1703 1200 1714; x_wconf 87' lang='lat'>,</span> <span class='ocrx_word' id='word_1_337' title='bbox 1229 1677 1258 1710; x_wconf 77' lang='grc' dir='ltr'>δι</span> <span class='ocrx_word' id='word_1_338' title='bbox 1275 1677 1397 1711; x_wconf 73' lang='lat' dir='ltr'>tabulae</span> <span class='ocrx_word' id='word_1_339' title='bbox 1411 1677 1446 1711; x_wconf 94' lang='lat' dir='ltr'>vi</span> <span class='ocrx_word' id='word_1_340' title='bbox 1473 1689 1578 1722; x_wconf 81' lang='lat' dir='ltr'>aqua-</span> 
     </span>
     <span class='ocr_line' id='line_1_30' title="bbox 117 1711 1578 1766; baseline 0.01 -22"><span class='ocrx_word' id='word_1_341' title='bbox 117 1722 194 1746; x_wconf 84' lang='lat' dir='ltr'>rum</span> <span class='ocrx_word' id='word_1_342' title='bbox 213 1711 370 1748; x_wconf 82' lang='lat' dir='ltr'>secantur</span> <span class='ocrx_word' id='word_1_343' title='bbox 384 1741 393 1753; x_wconf 92' lang='lat'>‚</span> <span class='ocrx_word' id='word_1_344' title='bbox 420 1717 566 1752; x_wconf 70' lang='lat' dir='ltr'>nemori,</span> <span class='ocrx_word' id='word_1_345' title='bbox 590 1719 687 1763; x_wconf 85' lang='lat' dir='ltr'>hujus</span> <span class='ocrx_word' id='word_1_346' title='bbox 715 1718 1098 1758; x_wconf 70' lang='lat' dir='ltr'>redditus-‘decreverunt</span> <span class='ocrx_word' id='word_1_347' title='bbox 1112 1724 1156 1758; x_wconf 89' lang='lat' dir='ltr'>ob</span> <span class='ocrx_word' id='word_1_348' title='bbox 1170 1723 1294 1766; x_wconf 82' lang='lat' dir='ltr'>damna</span> <span class='ocrx_word' id='word_1_349' title='bbox 1312 1749 1321 1762; x_wconf 89' lang='lat'>,</span> <span class='ocrx_word' id='word_1_350' title='bbox 1347 1724 1552 1759; x_wconf 83' lang='lat' dir='ltr'>&amp;incendia</span> <span class='ocrx_word' id='word_1_351' title='bbox 1567 1750 1578 1764; x_wconf 89' lang='lat'>‚</span> 
     </span>
     <span class='ocr_line' id='line_1_31' title="bbox 117 1757 1578 1816; baseline 0.01 -24"><span class='ocrx_word' id='word_1_352' title='bbox 117 1771 189 1804; x_wconf 86' lang='lat' dir='ltr'>quae</span> <span class='ocrx_word' id='word_1_353' title='bbox 203 1770 221 1793; x_wconf 82' lang='lat' dir='ltr'>a</span> <span class='ocrx_word' id='word_1_354' title='bbox 233 1757 386 1796; x_wconf 82' lang='lat' dir='ltr'>finitimis</span> <span class='ocrx_word' id='word_1_355' title='bbox 400 1761 530 1799; x_wconf 75' lang='lat' dir='ltr'>Gall-:ae</span> <span class='ocrx_word' id='word_1_356' title='bbox 556 1765 695 1812; x_wconf 75' lang='lat' dir='ltr'>Populis</span> <span class='ocrx_word' id='word_1_357' title='bbox 724 1768 915 1803; x_wconf 83' lang='lat' dir='ltr'>inseruntur</span> <span class='ocrx_word' id='word_1_358' title='bbox 931 1795 940 1807; x_wconf 92' lang='lat'>,</span> <span class='ocrx_word' id='word_1_359' title='bbox 962 1771 1081 1815; x_wconf 87' lang='lat' dir='ltr'>quibus</span> <span class='ocrx_word' id='word_1_360' title='bbox 1097 1783 1205 1816; x_wconf 87' lang='lat' dir='ltr'>neque</span> <span class='ocrx_word' id='word_1_361' title='bbox 1232 1770 1399 1806; x_wconf 81' lang='lat' dir='ltr'>Custodes</span> <span class='ocrx_word' id='word_1_362' title='bbox 1415 1796 1423 1810; x_wconf 88' lang='lat'><strong>,</strong></span> <span class='ocrx_word' id='word_1_363' title='bbox 1453 1772 1483 1806; x_wconf 76' lang='grc' dir='ltr'>δι</span> <span class='ocrx_word' id='word_1_364' title='bbox 1498 1772 1578 1807; x_wconf 83' lang='lat' dir='ltr'>Sal-</span> 
     </span>
     <span class='ocr_line' id='line_1_32' title="bbox 117 1806 1578 1861; baseline 0.01 -22"><span class='ocrx_word' id='word_1_365' title='bbox 117 1806 277 1841; x_wconf 83' lang='lat' dir='ltr'>tuariiob</span> <span class='ocrx_word' id='word_1_366' title='bbox 293 1810 556 1855; x_wconf 87' lang='lat' dir='ltr'>amplitudinem</span> <span class='ocrx_word' id='word_1_367' title='bbox 576 1839 585 1853; x_wconf 90' lang='lat'><strong><em>,</em></strong></span> <span class='ocrx_word' id='word_1_368' title='bbox 611 1826 719 1861; x_wconf 85' lang='lat' dir='ltr'>neque</span> <span class='ocrx_word' id='word_1_369' title='bbox 737 1815 904 1859; x_wconf 81' lang='lat' dir='ltr'>Praepositi</span> <span class='ocrx_word' id='word_1_370' title='bbox 919 1819 962 1851; x_wconf 86' lang='lat' dir='ltr'>ob</span> <span class='ocrx_word' id='word_1_371' title='bbox 981 1816 1173 1852; x_wconf 80' lang='lat' dir='ltr'>distantiam</span> <span class='ocrx_word' id='word_1_372' title='bbox 1187 1820 1304 1852; x_wconf 87' lang='lat' dir='ltr'>decem</span> <span class='ocrx_word' id='word_1_373' title='bbox 1318 1845 1326 1858; x_wconf 86' lang='lat'>‚</span> <span class='ocrx_word' id='word_1_374' title='bbox 1353 1821 1382 1852; x_wconf 84' lang='lat'><strong>&amp;</strong></span> <span class='ocrx_word' id='word_1_375' title='bbox 1400 1821 1475 1854; x_wconf 63' lang='lat' dir='ltr'>ooo</span> <span class='ocrx_word' id='word_1_376' title='bbox 1497 1820 1578 1853; x_wconf 71' lang='lat' dir='ltr'>mil-</span> 
     </span>
     <span class='ocr_line' id='line_1_33' title="bbox 116 1853 1577 1910; baseline 0.01 -24"><span class='ocrx_word' id='word_1_377' title='bbox 116 1853 291 1889; x_wconf 87' lang='lat' dir='ltr'>liariorum</span> <span class='ocrx_word' id='word_1_378' title='bbox 305 1868 322 1902; x_wconf 85' lang='lat' dir='ltr'>a</span> <span class='ocrx_word' id='word_1_379' title='bbox 340 1857 553 1904; x_wconf 78' lang='lat' dir='ltr'>Praepofitura</span> <span class='ocrx_word' id='word_1_380' title='bbox 570 1872 750 1897; x_wconf 77' lang='lat' dir='ltr'>occurrere</span> <span class='ocrx_word' id='word_1_381' title='bbox 764 1862 896 1906; x_wconf 74' lang='lat' dir='ltr'>possunt</span> <span class='ocrx_word' id='word_1_382' title='bbox 911 1891 915 1895; x_wconf 33' lang='lat' dir='ltr'>i</span> <span class='ocrx_word' id='word_1_383' title='bbox 935 1864 1017 1900; x_wconf 80' lang='lat' dir='ltr'>Haec</span> <span class='ocrx_word' id='word_1_384' title='bbox 1030 1866 1124 1900; x_wconf 89' lang='lat' dir='ltr'>enim</span> <span class='ocrx_word' id='word_1_385' title='bbox 1143 1874 1299 1909; x_wconf 86' lang='lat' dir='ltr'>reputans</span> <span class='ocrx_word' id='word_1_386' title='bbox 1317 1865 1436 1910; x_wconf 87' lang='lat' dir='ltr'>Joseph</span> <span class='ocrx_word' id='word_1_387' title='bbox 1453 1865 1577 1901; x_wconf 85' lang='lat' dir='ltr'>Padros</span> 
     </span>
     <span class='ocr_line' id='line_1_34' title="bbox 117 1899 1579 1957; baseline 0.009 -23"><span class='ocrx_word' id='word_1_388' title='bbox 117 1899 317 1946; x_wconf 83' lang='lat' dir='ltr'>Praepofitus</span> <span class='ocrx_word' id='word_1_389' title='bbox 334 1930 342 1944; x_wconf 85' lang='lat'>‚</span> <span class='ocrx_word' id='word_1_390' title='bbox 355 1903 456 1940; x_wconf 81' lang='lat' dir='ltr'>satius</span> <span class='ocrx_word' id='word_1_391' title='bbox 472 1907 567 1941; x_wconf 76' lang='lat' dir='ltr'>duxit</span> <span class='ocrx_word' id='word_1_392' title='bbox 581 1907 717 1953; x_wconf 79' lang='lat' dir='ltr'>sylvam</span> <span class='ocrx_word' id='word_1_393' title='bbox 736 1909 778 1944; x_wconf 87' lang='lat' dir='ltr'>ad</span> <span class='ocrx_word' id='word_1_394' title='bbox 796 1910 1007 1955; x_wconf 79' lang='lat' dir='ltr'>septennium</span> <span class='ocrx_word' id='word_1_395' title='bbox 1025 1911 1175 1946; x_wconf 87' lang='lat' dir='ltr'>vendere</span> <span class='ocrx_word' id='word_1_396' title='bbox 1191 1910 1263 1950; x_wconf 79' lang='lat' dir='ltr'>‚seu</span> <span class='ocrx_word' id='word_1_397' title='bbox 1279 1911 1392 1948; x_wconf 80' lang='lat' dir='ltr'>locare</span> <span class='ocrx_word' id='word_1_398' title='bbox 1416 1923 1476 1957; x_wconf 90' lang='lat' dir='ltr'>pro</span> <span class='ocrx_word' id='word_1_399' title='bbox 1499 1923 1579 1947; x_wconf 86' lang='lat' dir='ltr'>car-</span> 
     </span>
     <span class='ocr_line' id='line_1_35' title="bbox 118 1949 1577 2002; baseline 0.009 -21"><span class='ocrx_word' id='word_1_400' title='bbox 118 1949 206 1982; x_wconf 89' lang='lat' dir='ltr'>bone</span> <span class='ocrx_word' id='word_1_401' title='bbox 219 1949 429 1987; x_wconf 80' lang='lat' dir='ltr'>conficiendo</span> <span class='ocrx_word' id='word_1_402' title='bbox 444 1953 568 1989; x_wconf 85' lang='lat' dir='ltr'>duabus</span> <span class='ocrx_word' id='word_1_403' title='bbox 583 1957 836 1992; x_wconf 80' lang='lat' dir='ltr'>venditionibus</span> <span class='ocrx_word' id='word_1_404' title='bbox 850 1983 860 1996; x_wconf 91' lang='lat'>,</span> <span class='ocrx_word' id='word_1_405' title='bbox 885 1958 990 1992; x_wconf 83' lang='lat' dir='ltr'>altera</span> <span class='ocrx_word' id='word_1_406' title='bbox 1020 1959 1158 2002; x_wconf 71' lang='lat' dir='ltr'>josepho</span> <span class='ocrx_word' id='word_1_407' title='bbox 1174 1957 1284 1994; x_wconf 80' lang='lat' dir='ltr'>Fossas</span> <span class='ocrx_word' id='word_1_408' title='bbox 1300 1985 1310 1999; x_wconf 88' lang='lat'>,</span> <span class='ocrx_word' id='word_1_409' title='bbox 1337 1959 1442 1993; x_wconf 82' lang='lat' dir='ltr'>altera</span> <span class='ocrx_word' id='word_1_410' title='bbox 1468 1961 1577 1995; x_wconf 80' lang='lat' dir='ltr'>Paulo</span> 
     </span>
     <span class='ocr_line' id='line_1_36' title="bbox 119 1995 1578 2052; baseline 0.008 -22"><span class='ocrx_word' id='word_1_411' title='bbox 119 1995 317 2032; x_wconf 78' lang='lat' dir='ltr'>Cavalleria</span> <span class='ocrx_word' id='word_1_412' title='bbox 329 2000 445 2045; x_wconf 88' lang='lat' dir='ltr'>pretio</span> <span class='ocrx_word' id='word_1_413' title='bbox 461 1999 621 2046; x_wconf 82' lang='lat' dir='ltr'>librarum</span> <span class='ocrx_word' id='word_1_414' title='bbox 636 2014 738 2049; x_wconf 81' lang='lat'>3915.</span> <span class='ocrx_word' id='word_1_415' title='bbox 754 2031 763 2043; x_wconf 85' lang='lat'>‚</span> <span class='ocrx_word' id='word_1_416' title='bbox 789 2006 876 2050; x_wconf 86' lang='lat' dir='ltr'>quod</span> <span class='ocrx_word' id='word_1_417' title='bbox 892 2007 1070 2045; x_wconf 85' lang='lat' dir='ltr'>commodo</span> <span class='ocrx_word' id='word_1_418' title='bbox 1086 2004 1315 2052; x_wconf 72' lang='lat' dir='ltr'>Praepoiiturae</span> <span class='ocrx_word' id='word_1_419' title='bbox 1330 2007 1363 2042; x_wconf 89' lang='lat' dir='ltr'>in</span> <span class='ocrx_word' id='word_1_420' title='bbox 1379 2008 1493 2042; x_wconf 84' lang='lat' dir='ltr'>census</span> <span class='ocrx_word' id='word_1_421' title='bbox 1519 2008 1578 2042; x_wconf 92' lang='lat' dir='ltr'>in-</span> 
     </span>
     <span class='ocr_line' id='line_1_37' title="bbox 119 2042 1578 2100; baseline 0.01 -25"><span class='ocrx_word' id='word_1_422' title='bbox 119 2042 266 2077; x_wconf 83' lang='lat' dir='ltr'>venstire</span> <span class='ocrx_word' id='word_1_423' title='bbox 284 2047 467 2083; x_wconf 86' lang='lat' dir='ltr'>meditatur</span> <span class='ocrx_word' id='word_1_424' title='bbox 480 2074 489 2087; x_wconf 91' lang='lat'>‚</span> <span class='ocrx_word' id='word_1_425' title='bbox 515 2050 658 2092; x_wconf 59' lang='lat' dir='ltr'>adicitis</span> <span class='ocrx_word' id='word_1_426' title='bbox 675 2052 801 2098; x_wconf 69' lang='lat' dir='ltr'>pactis,</span> <span class='ocrx_word' id='word_1_427' title='bbox 826 2053 855 2087; x_wconf 75' lang='grc' dir='ltr'>ὅ(</span> <span class='ocrx_word' id='word_1_428' title='bbox 868 2052 1121 2089; x_wconf 85' lang='lat' dir='ltr'>conditionibus</span> <span class='ocrx_word' id='word_1_429' title='bbox 1136 2080 1147 2093; x_wconf 88' lang='lat'>,</span> <span class='ocrx_word' id='word_1_430' title='bbox 1173 2064 1255 2099; x_wconf 85' lang='lat' dir='ltr'>quas</span> <span class='ocrx_word' id='word_1_431' title='bbox 1270 2054 1359 2090; x_wconf 87' lang='lat' dir='ltr'>inter</span> <span class='ocrx_word' id='word_1_432' title='bbox 1376 2056 1550 2100; x_wconf 80' lang='lat' dir='ltr'>reparandi</span> <span class='ocrx_word' id='word_1_433' title='bbox 1567 2081 1578 2095; x_wconf 82' lang='lat'>,</span> 
     </span>
     <span class='ocr_line' id='line_1_38' title="bbox 117 2090 1575 2137; baseline 0.012 -14"><span class='ocrx_word' id='word_1_434' title='bbox 117 2090 146 2123; x_wconf 72' lang='lat'>8&lt;</span> <span class='ocrx_word' id='word_1_435' title='bbox 163 2090 362 2136; x_wconf 82' lang='lat' dir='ltr'>restituendi</span> <span class='ocrx_word' id='word_1_436' title='bbox 381 2095 622 2132; x_wconf 87' lang='lat' dir='ltr'>Molendinum</span> <span class='ocrx_word' id='word_1_437' title='bbox 638 2123 648 2137; x_wconf 85' lang='lat'>‚</span> <span class='ocrx_word' id='word_1_438' title='bbox 676 2099 731 2134; x_wconf 88' lang='lat' dir='ltr'>seu</span> <span class='ocrx_word' id='word_1_439' title='bbox 745 2099 922 2134; x_wconf 85' lang='lat' dir='ltr'>Fabricam</span> <span class='ocrx_word' id='word_1_440' title='bbox 939 2099 1166 2136; x_wconf 82' lang='lat' dir='ltr'>Tabulariam</span> <span class='ocrx_word' id='word_1_441' title='bbox 1182 2127 1191 2135; x_wconf 88' lang='lat'><strong>.</strong></span> <span class='ocrx_word' id='word_1_442' title='bbox 1571 2102 1575 2105; x_wconf 73' lang='grc'><strong>’</strong></span> 
     </span>
    </p>

    <p class='ocr_par' dir='ltr' id='par_1_9' title="bbox 73 2134 1585 2761">
     <span class='ocr_line' id='line_1_39' title="bbox 73 2134 1578 2199; baseline 0.01 -29"><span class='ocrx_word' id='word_1_443' title='bbox 73 2134 176 2181; x_wconf 83' lang='lat' dir='ltr'>Hanc</span> <span class='ocrx_word' id='word_1_444' title='bbox 191 2139 424 2176; x_wconf 88' lang='lat' dir='ltr'>venditionem</span> <span class='ocrx_word' id='word_1_445' title='bbox 438 2137 526 2188; x_wconf 66' lang='lat' dir='ltr'>aegre</span> <span class='ocrx_word' id='word_1_446' title='bbox 541 2145 622 2180; x_wconf 90' lang='lat' dir='ltr'>tulit</span> <span class='ocrx_word' id='word_1_447' title='bbox 643 2145 812 2191; x_wconf 86' lang='lat' dir='ltr'>Praepositi</span> <span class='ocrx_word' id='word_1_448' title='bbox 837 2146 1030 2189; x_wconf 82' lang='lat' dir='ltr'>Coadjutor</span> <span class='ocrx_word' id='word_1_449' title='bbox 1050 2148 1167 2193; x_wconf 79' lang='lat' dir='ltr'>joseph</span> <span class='ocrx_word' id='word_1_450' title='bbox 1196 2147 1364 2190; x_wconf 82' lang='lat' dir='ltr'>Bernola,</span> <span class='ocrx_word' id='word_1_451' title='bbox 1393 2152 1480 2196; x_wconf 85' lang='lat' dir='ltr'>quod</span> <span class='ocrx_word' id='word_1_452' title='bbox 1498 2162 1578 2199; x_wconf 13' lang='lat' dir='ltr'>ream</span> 
     </span>
     <span class='ocr_line' id='line_1_40' title="bbox 118 2183 1579 2242; baseline 0.005 -18"><span class='ocrx_word' id='word_1_453' title='bbox 118 2183 179 2218; x_wconf 81' lang='lat' dir='ltr'>fibi</span> <span class='ocrx_word' id='word_1_454' title='bbox 194 2209 204 2224; x_wconf 66' lang='lat'>³</span> <span class='ocrx_word' id='word_1_455' title='bbox 220 2186 251 2229; x_wconf 82' lang='lat'>&amp;</span> <span class='ocrx_word' id='word_1_456' title='bbox 269 2187 420 2234; x_wconf 75' lang='lat' dir='ltr'>Ecclesiae</span> <span class='ocrx_word' id='word_1_457' title='bbox 435 2190 681 2227; x_wconf 81' lang='lat' dir='ltr'>detrimentum</span> <span class='ocrx_word' id='word_1_458' title='bbox 695 2193 830 2228; x_wconf 83' lang='lat' dir='ltr'>censeat</span> <span class='ocrx_word' id='word_1_459' title='bbox 843 2192 967 2229; x_wconf 81' lang='lat' dir='ltr'>inferre</span> <span class='ocrx_word' id='word_1_460' title='bbox 982 2222 992 2234; x_wconf 96' lang='lat'>,</span> <span class='ocrx_word' id='word_1_461' title='bbox 1015 2195 1158 2242; x_wconf 80' lang='lat' dir='ltr'>ideoque</span> <span class='ocrx_word' id='word_1_462' title='bbox 1172 2196 1239 2230; x_wconf 74' lang='lat' dir='ltr'>sese</span> <span class='ocrx_word' id='word_1_463' title='bbox 1256 2197 1288 2230; x_wconf 83' lang='lat' dir='ltr'>in</span> <span class='ocrx_word' id='word_1_464' title='bbox 1305 2198 1365 2232; x_wconf 84' lang='lat' dir='ltr'>hoc</span> <span class='ocrx_word' id='word_1_465' title='bbox 1377 2197 1478 2239; x_wconf 76' lang='lat' dir='ltr'>Sacro</span> <span class='ocrx_word' id='word_1_466' title='bbox 1503 2198 1579 2238; x_wconf 71' lang='lat' dir='ltr'>[ri-</span> 
     </span>
     <span class='ocr_line' id='line_1_41' title="bbox 120 2231 1579 2285; baseline 0.01 -20"><span class='ocrx_word' id='word_1_467' title='bbox 120 2231 235 2268; x_wconf 89' lang='lat' dir='ltr'>bunali</span> <span class='ocrx_word' id='word_1_468' title='bbox 248 2237 528 2272; x_wconf 58' lang='lat' dir='ltr'>contradictorem</span> <span class='ocrx_word' id='word_1_469' title='bbox 544 2238 696 2285; x_wconf 62' lang='lat' dir='ltr'>praestitit</span> <span class='ocrx_word' id='word_1_470' title='bbox 708 2267 718 2281; x_wconf 90' lang='lat'>,</span> <span class='ocrx_word' id='word_1_471' title='bbox 739 2252 782 2275; x_wconf 89' lang='lat' dir='ltr'>ne</span> <span class='ocrx_word' id='word_1_472' title='bbox 796 2239 1051 2277; x_wconf 80' lang='lat' dir='ltr'>Eminentiffimi</span> <span class='ocrx_word' id='word_1_473' title='bbox 1069 2244 1182 2278; x_wconf 78' lang='lat' dir='ltr'>Patres</span> <span class='ocrx_word' id='word_1_474' title='bbox 1196 2245 1411 2280; x_wconf 76' lang='lat' dir='ltr'>venditiones</span> <span class='ocrx_word' id='word_1_475' title='bbox 1430 2245 1507 2280; x_wconf 80' lang='lat' dir='ltr'>illas</span> <span class='ocrx_word' id='word_1_476' title='bbox 1523 2256 1579 2280; x_wconf 85' lang='lat' dir='ltr'>au-</span> 
     </span>
     <span class='ocr_line' id='line_1_42' title="bbox 119 2279 1578 2338; baseline 0.01 -27"><span class='ocrx_word' id='word_1_477' title='bbox 119 2279 278 2316; x_wconf 68' lang='lat' dir='ltr'>&amp;oritate</span> <span class='ocrx_word' id='word_1_478' title='bbox 300 2282 358 2318; x_wconf 82' lang='lat' dir='ltr'>sua</span> <span class='ocrx_word' id='word_1_479' title='bbox 383 2288 603 2329; x_wconf 82' lang='lat' dir='ltr'>comprobent</span> <span class='ocrx_word' id='word_1_480' title='bbox 629 2307 641 2320; x_wconf 85' lang='lat'><strong>.</strong></span> <span class='ocrx_word' id='word_1_481' title='bbox 680 2287 831 2324; x_wconf 84' lang='lat' dir='ltr'>Auditus</span> <span class='ocrx_word' id='word_1_482' title='bbox 858 2288 925 2323; x_wconf 87' lang='lat' dir='ltr'>suit</span> <span class='ocrx_word' id='word_1_483' title='bbox 948 2289 1135 2338; x_wconf 85' lang='lat' dir='ltr'>Episcopus</span> <span class='ocrx_word' id='word_1_484' title='bbox 1163 2290 1370 2337; x_wconf 77' lang='lat' dir='ltr'>Urgeliensis</span> <span class='ocrx_word' id='word_1_485' title='bbox 1388 2319 1398 2332; x_wconf 87' lang='lat'>,</span> <span class='ocrx_word' id='word_1_486' title='bbox 1422 2292 1456 2326; x_wconf 89' lang='lat' dir='ltr'>in</span> <span class='ocrx_word' id='word_1_487' title='bbox 1482 2293 1578 2334; x_wconf 87' lang='lat' dir='ltr'>cujus</span> 
     </span>
     <span class='ocr_line' id='line_1_43' title="bbox 118 2325 1580 2385; baseline 0.009 -24"><span class='ocrx_word' id='word_1_488' title='bbox 118 2325 272 2363; x_wconf 75' lang='lat' dir='ltr'>Dioecefi</span> <span class='ocrx_word' id='word_1_489' title='bbox 287 2330 391 2366; x_wconf 88' lang='lat' dir='ltr'>Mons</span> <span class='ocrx_word' id='word_1_490' title='bbox 408 2331 486 2368; x_wconf 85' lang='lat' dir='ltr'>fitus</span> <span class='ocrx_word' id='word_1_491' title='bbox 501 2333 546 2368; x_wconf 81' lang='lat' dir='ltr'>est</span> <span class='ocrx_word' id='word_1_492' title='bbox 561 2360 570 2373; x_wconf 89' lang='lat'><strong>,</strong></span> <span class='ocrx_word' id='word_1_493' title='bbox 598 2335 652 2369; x_wconf 91' lang='lat' dir='ltr'>sed</span> <span class='ocrx_word' id='word_1_494' title='bbox 670 2346 746 2370; x_wconf 83' lang='lat' dir='ltr'>cum</span> <span class='ocrx_word' id='word_1_495' title='bbox 759 2338 801 2371; x_wconf 89' lang='lat' dir='ltr'>ob</span> <span class='ocrx_word' id='word_1_496' title='bbox 824 2337 991 2371; x_wconf 86' lang='lat' dir='ltr'>incertam</span> <span class='ocrx_word' id='word_1_497' title='bbox 1014 2338 1178 2373; x_wconf 70' lang='lat' dir='ltr'>sactorum</span> <span class='ocrx_word' id='word_1_498' title='bbox 1204 2342 1434 2374; x_wconf 78' lang='lat' dir='ltr'>narrationem</span> <span class='ocrx_word' id='word_1_499' title='bbox 1460 2350 1580 2385; x_wconf 80' lang='lat' dir='ltr'>parum</span> 
     </span>
     <span class='ocr_line' id='line_1_44' title="bbox 116 2372 1581 2430; baseline 0.008 -23"><span class='ocrx_word' id='word_1_500' title='bbox 116 2372 198 2408; x_wconf 83' lang='lat' dir='ltr'>esset</span> <span class='ocrx_word' id='word_1_501' title='bbox 210 2401 220 2414; x_wconf 93' lang='lat'>,</span> <span class='ocrx_word' id='word_1_502' title='bbox 248 2380 335 2422; x_wconf 86' lang='lat' dir='ltr'>quod</span> <span class='ocrx_word' id='word_1_503' title='bbox 349 2390 391 2414; x_wconf 85' lang='lat' dir='ltr'>ex</span> <span class='ocrx_word' id='word_1_504' title='bbox 409 2380 548 2423; x_wconf 83' lang='lat' dir='ltr'>epistola</span> <span class='ocrx_word' id='word_1_505' title='bbox 563 2381 714 2423; x_wconf 60' lang='lat' dir='ltr'>ejusdem</span> <span class='ocrx_word' id='word_1_506' title='bbox 740 2382 894 2429; x_wconf 84' lang='lat' dir='ltr'>Episcopi</span> <span class='ocrx_word' id='word_1_507' title='bbox 919 2385 995 2419; x_wconf 77' lang='lat' dir='ltr'>erui</span> <span class='ocrx_word' id='word_1_508' title='bbox 1013 2385 1120 2430; x_wconf 78' lang='lat' dir='ltr'>poss&#39;et</span> <span class='ocrx_word' id='word_1_509' title='bbox 1134 2386 1174 2419; x_wconf 80' lang='lat' dir='ltr'>ad</span> <span class='ocrx_word' id='word_1_510' title='bbox 1189 2386 1305 2421; x_wconf 80' lang='lat' dir='ltr'>Causae</span> <span class='ocrx_word' id='word_1_511' title='bbox 1319 2386 1556 2421; x_wconf 80' lang='lat' dir='ltr'>definitionem</span> <span class='ocrx_word' id='word_1_512' title='bbox 1571 2410 1581 2423; x_wconf 91' lang='lat'>‚</span> 
     </span>
     <span class='ocr_line' id='line_1_45' title="bbox 117 2421 1580 2478; baseline 0.008 -22"><span class='ocrx_word' id='word_1_513' title='bbox 117 2421 257 2457; x_wconf 84' lang='lat' dir='ltr'>auditus</span> <span class='ocrx_word' id='word_1_514' title='bbox 267 2423 332 2459; x_wconf 86' lang='lat' dir='ltr'>suit</span> <span class='ocrx_word' id='word_1_515' title='bbox 349 2426 535 2474; x_wconf 86' lang='lat' dir='ltr'>Episcopus</span> <span class='ocrx_word' id='word_1_516' title='bbox 546 2428 771 2470; x_wconf 81' lang='lat' dir='ltr'>Celsonenfis‚</span> <span class='ocrx_word' id='word_1_517' title='bbox 786 2431 819 2464; x_wconf 88' lang='lat' dir='ltr'>in</span> <span class='ocrx_word' id='word_1_518' title='bbox 837 2430 932 2471; x_wconf 84' lang='lat' dir='ltr'>cuius</span> <span class='ocrx_word' id='word_1_519' title='bbox 949 2431 1102 2468; x_wconf 70' lang='lat' dir='ltr'>Dioecefi</span> <span class='ocrx_word' id='word_1_520' title='bbox 1116 2432 1334 2478; x_wconf 63' lang='lat' dir='ltr'>Praepofimra</span> <span class='ocrx_word' id='word_1_521' title='bbox 1350 2433 1408 2468; x_wconf 83' lang='lat' dir='ltr'>sita</span> <span class='ocrx_word' id='word_1_522' title='bbox 1421 2432 1467 2467; x_wconf 85' lang='lat' dir='ltr'>est</span> <span class='ocrx_word' id='word_1_523' title='bbox 1481 2455 1490 2465; x_wconf 92' lang='lat'><strong>.</strong></span> <span class='ocrx_word' id='word_1_524' title='bbox 1512 2432 1580 2467; x_wconf 85' lang='lat' dir='ltr'>Hic</span> 
     </span>
     <span class='ocr_line' id='line_1_46' title="bbox 115 2468 1581 2526; baseline 0.008 -24"><span class='ocrx_word' id='word_1_525' title='bbox 115 2468 305 2505; x_wconf 88' lang='lat' dir='ltr'>Processum</span> <span class='ocrx_word' id='word_1_526' title='bbox 321 2471 490 2516; x_wconf 84' lang='lat' dir='ltr'>instruxit,</span> <span class='ocrx_word' id='word_1_527' title='bbox 505 2476 699 2523; x_wconf 79' lang='lat' dir='ltr'>Testesquae</span> <span class='ocrx_word' id='word_1_528' title='bbox 713 2476 848 2512; x_wconf 83' lang='lat' dir='ltr'>formali</span> <span class='ocrx_word' id='word_1_529' title='bbox 862 2477 1012 2513; x_wconf 87' lang='lat' dir='ltr'>examini</span> <span class='ocrx_word' id='word_1_530' title='bbox 1027 2479 1192 2520; x_wconf 84' lang='lat' dir='ltr'>subjecit:</span> <span class='ocrx_word' id='word_1_531' title='bbox 1207 2479 1259 2513; x_wconf 85' lang='lat' dir='ltr'>his</span> <span class='ocrx_word' id='word_1_532' title='bbox 1274 2480 1434 2525; x_wconf 71' lang='lat' dir='ltr'>praefidiis</span> <span class='ocrx_word' id='word_1_533' title='bbox 1447 2479 1581 2526; x_wconf 83' lang='lat' dir='ltr'>episto-</span> 
     </span>
     <span class='ocr_line' id='line_1_47' title="bbox 117 2516 1581 2573; baseline 0.006 -22"><span class='ocrx_word' id='word_1_534' title='bbox 117 2517 184 2551; x_wconf 84' lang='lat' dir='ltr'>lam</span> <span class='ocrx_word' id='word_1_535' title='bbox 202 2516 328 2564; x_wconf 80' lang='lat' dir='ltr'>scripsit</span> <span class='ocrx_word' id='word_1_536' title='bbox 346 2545 354 2558; x_wconf 87' lang='lat'>‚</span> <span class='ocrx_word' id='word_1_537' title='bbox 379 2531 442 2565; x_wconf 87' lang='lat' dir='ltr'>qua</span> <span class='ocrx_word' id='word_1_538' title='bbox 468 2524 583 2558; x_wconf 86' lang='lat' dir='ltr'>censet</span> <span class='ocrx_word' id='word_1_539' title='bbox 610 2524 750 2571; x_wconf 81' lang='lat' dir='ltr'>probari</span> <span class='ocrx_word' id='word_1_540' title='bbox 770 2523 861 2569; x_wconf 77' lang='lat' dir='ltr'>posse</span> <span class='ocrx_word' id='word_1_541' title='bbox 878 2527 1070 2562; x_wconf 70' lang='lat' dir='ltr'>contractus</span> <span class='ocrx_word' id='word_1_542' title='bbox 1084 2541 1093 2559; x_wconf 90' lang='lat'><strong>:</strong></span> <span class='ocrx_word' id='word_1_543' title='bbox 1119 2536 1226 2573; x_wconf 85' lang='lat' dir='ltr'>atque</span> <span class='ocrx_word' id='word_1_544' title='bbox 1247 2527 1294 2562; x_wconf 88' lang='lat' dir='ltr'>ita</span> <span class='ocrx_word' id='word_1_545' title='bbox 1318 2539 1434 2573; x_wconf 79' lang='lat' dir='ltr'>parum</span> <span class='ocrx_word' id='word_1_546' title='bbox 1451 2537 1581 2561; x_wconf 82' lang='lat' dir='ltr'>conve—</span> 
     </span>
     <span class='ocr_line' id='line_1_48' title="bbox 118 2563 1585 2620; baseline 0.007 -23"><span class='ocrx_word' id='word_1_547' title='bbox 118 2573 221 2599; x_wconf 80' lang='lat' dir='ltr'>niunt</span> <span class='ocrx_word' id='word_1_548' title='bbox 234 2565 303 2600; x_wconf 91' lang='lat' dir='ltr'>duo</span> <span class='ocrx_word' id='word_1_549' title='bbox 315 2563 498 2616; x_wconf 86' lang='lat' dir='ltr'>Episcopi,</span> <span class='ocrx_word' id='word_1_550' title='bbox 522 2570 609 2605; x_wconf 79' lang='lat' dir='ltr'>licet</span> <span class='ocrx_word' id='word_1_551' title='bbox 624 2571 849 2616; x_wconf 77' lang='lat' dir='ltr'>praeferendus</span> <span class='ocrx_word' id='word_1_552' title='bbox 863 2573 1026 2608; x_wconf 84' lang='lat' dir='ltr'>videatur</span> <span class='ocrx_word' id='word_1_553' title='bbox 1044 2573 1260 2620; x_wconf 77' lang='lat' dir='ltr'>Celsonensis</span> <span class='ocrx_word' id='word_1_554' title='bbox 1279 2600 1289 2614; x_wconf 89' lang='lat'>‚</span> <span class='ocrx_word' id='word_1_555' title='bbox 1313 2575 1371 2620; x_wconf 60' lang='lat' dir='ltr'>qud</span> <span class='ocrx_word' id='word_1_556' title='bbox 1387 2574 1477 2609; x_wconf 69' lang='lat' dir='ltr'>dicta</span> <span class='ocrx_word' id='word_1_557' title='bbox 1491 2585 1585 2608; x_wconf 91' lang='lat' dir='ltr'>com-</span> 
     </span>
     <span class='ocr_line' id='line_1_49' title="bbox 119 2611 1583 2668; baseline 0.007 -23"><span class='ocrx_word' id='word_1_558' title='bbox 119 2611 240 2655; x_wconf 81' lang='lat' dir='ltr'>probat</span> <span class='ocrx_word' id='word_1_559' title='bbox 256 2613 406 2649; x_wconf 78' lang='lat' dir='ltr'>Processu</span> <span class='ocrx_word' id='word_1_560' title='bbox 425 2643 431 2651; x_wconf 94' lang='lat'><em>.</em></span> <span class='ocrx_word' id='word_1_561' title='bbox 459 2617 568 2653; x_wconf 85' lang='lat' dir='ltr'>Causa</span> <span class='ocrx_word' id='word_1_562' title='bbox 586 2629 675 2653; x_wconf 90' lang='lat' dir='ltr'>nunc</span> <span class='ocrx_word' id='word_1_563' title='bbox 687 2621 816 2654; x_wconf 75' lang='lat' dir='ltr'>duobus</span> <span class='ocrx_word' id='word_1_564' title='bbox 830 2619 1015 2666; x_wconf 87' lang='lat' dir='ltr'>Capitibus</span> <span class='ocrx_word' id='word_1_565' title='bbox 1030 2621 1173 2656; x_wconf 69' lang='lat' dir='ltr'>collecta</span> <span class='ocrx_word' id='word_1_566' title='bbox 1187 2622 1397 2668; x_wconf 81' lang='lat' dir='ltr'>proponitur</span> <span class='ocrx_word' id='word_1_567' title='bbox 1412 2648 1421 2659; x_wconf 89' lang='lat'><strong><em>.</em></strong></span> <span class='ocrx_word' id='word_1_568' title='bbox 1450 2620 1583 2667; x_wconf 86' lang='lat' dir='ltr'>Dispu-</span> 
     </span>
     <span class='ocr_line' id='line_1_50' title="bbox 119 2659 1584 2711; baseline 0.006 -20"><span class='ocrx_word' id='word_1_569' title='bbox 119 2666 171 2692; x_wconf 80' lang='lat' dir='ltr'>tat</span> <span class='ocrx_word' id='word_1_570' title='bbox 185 2659 386 2707; x_wconf 82' lang='lat' dir='ltr'>Praepositus</span> <span class='ocrx_word' id='word_1_571' title='bbox 401 2662 520 2700; x_wconf 84' lang='lat' dir='ltr'>Padros</span> <span class='ocrx_word' id='word_1_572' title='bbox 533 2665 665 2700; x_wconf 88' lang='lat' dir='ltr'>nullum</span> <span class='ocrx_word' id='word_1_573' title='bbox 679 2666 884 2709; x_wconf 81' lang='lat' dir='ltr'>Coadjutori</span> <span class='ocrx_word' id='word_1_574' title='bbox 901 2667 1053 2711; x_wconf 75' lang='lat' dir='ltr'>Bernolae</span> <span class='ocrx_word' id='word_1_575' title='bbox 1071 2668 1122 2709; x_wconf 85' lang='lat' dir='ltr'>jus</span> <span class='ocrx_word' id='word_1_576' title='bbox 1141 2668 1204 2704; x_wconf 74' lang='lat' dir='ltr'>esse</span> <span class='ocrx_word' id='word_1_577' title='bbox 1222 2669 1287 2710; x_wconf 56' lang='lat' dir='ltr'>soie</span> <span class='ocrx_word' id='word_1_578' title='bbox 1300 2669 1584 2704; x_wconf 63' lang='lat' dir='ltr'>contradiaorem</span> 
     </span>
     <span class='ocr_line' id='line_1_51' title="bbox 118 2706 1584 2761; baseline 0.011 -22"><span class='ocrx_word' id='word_1_579' title='bbox 118 2706 291 2750; x_wconf 71' lang='lat' dir='ltr'>praestandi</span> <span class='ocrx_word' id='word_1_580' title='bbox 305 2734 313 2747; x_wconf 91' lang='lat'>‚</span> <span class='ocrx_word' id='word_1_581' title='bbox 342 2710 399 2756; x_wconf 80' lang='lat' dir='ltr'>qui</span> <span class='ocrx_word' id='word_1_582' title='bbox 417 2712 551 2747; x_wconf 78' lang='lat' dir='ltr'>nullum</span> <span class='ocrx_word' id='word_1_583' title='bbox 566 2724 673 2758; x_wconf 81' lang='lat' dir='ltr'>neque</span> <span class='ocrx_word' id='word_1_584' title='bbox 688 2713 722 2748; x_wconf 89' lang='lat' dir='ltr'>in</span> <span class='ocrx_word' id='word_1_585' title='bbox 737 2725 771 2748; x_wconf 88' lang='lat' dir='ltr'>re</span> <span class='ocrx_word' id='word_1_586' title='bbox 788 2741 798 2754; x_wconf 92' lang='lat'>,</span> <span class='ocrx_word' id='word_1_587' title='bbox 823 2726 930 2761; x_wconf 89' lang='lat' dir='ltr'>neque</span> <span class='ocrx_word' id='word_1_588' title='bbox 950 2715 990 2749; x_wconf 87' lang='lat' dir='ltr'>ad</span> <span class='ocrx_word' id='word_1_589' title='bbox 1005 2726 1075 2750; x_wconf 86' lang='lat' dir='ltr'>rem</span> <span class='ocrx_word' id='word_1_590' title='bbox 1089 2716 1147 2759; x_wconf 75' lang='lat' dir='ltr'>Jus</span> <span class='ocrx_word' id='word_1_591' title='bbox 1160 2717 1262 2751; x_wconf 84' lang='lat' dir='ltr'>habet</span> <span class='ocrx_word' id='word_1_592' title='bbox 1276 2715 1308 2751; x_wconf 89' lang='lat' dir='ltr'>in</span> <span class='ocrx_word' id='word_1_593' title='bbox 1328 2715 1476 2752; x_wconf 83' lang='lat' dir='ltr'>Ecclesia</span> <span class='ocrx_word' id='word_1_594' title='bbox 1492 2741 1500 2754; x_wconf 68' lang='lat'><em>2</em></span> <span class='ocrx_word' id='word_1_595' title='bbox 1526 2713 1584 2747; x_wconf 68' lang='lat' dir='ltr'>sed</span> 
     </span>
    </p>
   </div>
   <div class='ocr_carea' id='block_1_8' title="bbox 118 2753 1584 2843">
    <p class='ocr_par' dir='ltr' id='par_1_10' title="bbox 118 2753 1584 2843">
     <span class='ocr_line' id='line_1_52' title="bbox 118 2753 1584 2843; baseline 0.008 -56"><span class='ocrx_word' id='word_1_596' title='bbox 118 2755 241 2798; x_wconf 71' lang='lat' dir='ltr'>nudam</span> <span class='ocrx_word' id='word_1_597' title='bbox 262 2753 353 2801; x_wconf 86' lang='lat' dir='ltr'>spem</span> <span class='ocrx_word' id='word_1_598' title='bbox 372 2759 631 2806; x_wconf 62' lang='lat' dir='ltr'>succedendijin</span> <span class='ocrx_word' id='word_1_599' title='bbox 653 2761 899 2810; x_wconf 76' lang='lat' dir='ltr'>Praepofitura,</span> <span class='ocrx_word' id='word_1_600' title='bbox 925 2760 948 2797; x_wconf 77' lang='lat' dir='ltr'>si</span> <span class='ocrx_word' id='word_1_601' title='bbox 965 2762 1125 2810; x_wconf 85' lang='lat' dir='ltr'>superstes</span> <span class='ocrx_word' id='word_1_602' title='bbox 1140 2763 1181 2809; x_wconf 79' lang='lat' dir='ltr'>sit</span> <span class='ocrx_word' id='word_1_603' title='bbox 1205 2763 1387 2812; x_wconf 64' lang='lat' dir='ltr'>Praeposno</span> <span class='ocrx_word' id='word_1_604' title='bbox 1405 2776 1412 2797; x_wconf 88' lang='lat'>:</span> <span class='ocrx_word' id='word_1_605' title='bbox 1440 2762 1584 2843; x_wconf 56' lang='grc' dir='ltr'>δὲ’ίὶΐζεῐῐι</span> 
     </span>
    </p>
   </div>
  </div>
 </body>
</html>
