1955 3028
98 112 359 153 Archidiaeono
374 110 533 149 favebant
547 139 558 154 ,
573 114 742 152 sexdecim
752 116 976 164 capitulares
989 119 1112 164 partim
1129 120 1309 158 Canonici
1320 150 1330 164 ,
1344 126 1469 170 partim
1485 92 1569 164 Ροτἶ

99 162 234 198 tionarii
255 162 465 203 suadebant,
485 173 522 197 ut
536 162 739 210 Capitulum
756 193 764 206 ‚
791 167 822 201 δι
838 167 966 202 Clerus
979 181 996 201 a
1012 169 1072 203 lite
1087 170 1300 217 insciptenda
1317 174 1567 214 abstineretxel

101 210 286 257 utpuolice
301 209 441 257 quisque
454 209 584 246 diceret
598 212 679 256 quid
698 213 836 248 sentiret
856 229 864 247 :
891 216 1029 250 Placuit
1045 227 1155 252 tamen
1173 218 1317 264 reliquis
1338 222 1495 258 omnibus
1508 251 1516 262 ,
1530 231 1569 258 ut

98 268 148 292 res
162 256 300 292 secretis
317 256 485 305 suffragiis
501 261 728 305 expediretur
741 289 748 297 .
767 264 944 297 sexdecim
960 263 1012 297 illi
1027 276 1044 298 a
1059 263 1223 311 suffragiis
1239 267 1387 304 ferendis
1402 271 1568 306 abstinue-

99 313 196 343 runt,·
222 304 336 341 caeteri
351 305 476 341 secreta
489 306 642 342 tultrunt
658 335 666 347 ‚
693 310 723 342 δι
743 310 867 354 viginti
884 310 982 344 suere
998 337 1006 349 ,
1032 313 1156 356 quibus
1174 313 1304 357 placuit
1331 316 1428 351 litem
1454 329 1565 365 agen-

96 354 171 387 dam
191 352 279 391 effe,
302 364 370 388 uno
386 362 518 387 tantum
542 354 576 388 in
591 355 691 391 aliam
706 357 850 392 abeunte
867 358 1089 394 sententiam.
1118 361 1175 394 Lis
1191 360 1309 406 italae
1323 363 1393 399 aila
1409 365 1475 399 suit
1498 364 1566 411 post

97 399 209 435 varios
221 400 315 436 casus
330 426 341 440 ,
366 411 449 447 quos
465 401 530 435 late
555 414 766 438 narravimus
782 416 814 438 m
832 408 926 440 Folio
941 405 1059 441 caune
1078 410 1261 442 Tarentina
1281 415 1567 448 Praeeminemia-

101 460 175 483 riim
190 449 270 483 dato
292 447 327 482 in
353 452 617 494 congregatione
633 450 750 485 habita
769 454 822 487 die
840 463 894 487 20.
922 457 1024 497 &unii
1052 468 1137 488 anno
1155 465 1262 497 nuper
1283 457 1446 493 transacio
1465 470 1565 506 ¹750·

96 497 264 542 propolita
282 494 417 530 fuerunt
430 497 530 531 Sacro
544 496 624 532 huic
652 498 829 534 l'ribunali
848 498 913 534 lX.
932 501 1081 548 Capita,
1110 502 1234 547 quibus
1249 504 1347 538 causa
1362 508 1472 540 omnis
1490 507 1565 542 col-

102 543 186 579 lecta
199 541 304 578 fuerat
320 567 331 581 ,
345 543 377 577 &
397 542 655 580 Eminentitlimi
672 547 786 581 Patres
804 559 843 581 ea
858 558 975 582 omnia
994 548 1173 584 secundum
1189 549 1393 595 Capitulum
1406 577 1416 591 ‚
1429 554 1460 588 &
1476 554 1565 589 Cle-

101 601 173 625 rum
197 601 318 626 contra
334 588 622 628 Archidiaconum
640 593 895 637 definiverunt,
919 607 957 630 ut
983 597 1137 642 cognolci
1168 596 1279 641 potest
1296 611 1336 635 ex
1357 602 1452 636 Folio
1483 608 1565 639 Con—

95 641 315 685 gregationis
331 639 452 673 habitae
479 640 571 674 diet.
587 643 735 687 Augusti
751 643 867 678 eodem
881 658 964 679 nimo
986 656 1081 684 ¹⁷50-

53 684 287 722 Definitiones
312 685 382 721 illae
398 684 739 724 Eminentisl'tmorum
755 691 891 725 Pati-um
916 691 1167 727 authoritatem
1185 693 1407 737 reiJudicatae
1434 696 1565 733 habue-

99 743 178 770 runt
196 733 457 769 renunciatione
469 734 586 769 emiffa
615 737 659 771 ab
677 737 959 777 Archidiacon03
986 749 1086 786 atque
1114 742 1160 773 ita
1183 743 1222 777 lis
1247 744 1355 786 sopita
1378 742 1470 782 fuit,
1495 756 1564 780 una

99 791 233 817 tantum
247 782 327 817 viva
346 780 496 817 scintilla
515 783 559 816 ob
575 784 737 830 expensas
757 788 835 821 acne
860 787 928 821 litis
942 813 952 826 ‚
980 797 1127 833 negante
1147 791 1411 826 Archidiacono
1427 818 1436 831 ‚
1454 792 1485 826 δι
1501 793 1563 839 qui

97 830 129 865 ei
144 829 262 864 favent
277 855 287 868 ,
314 827 574 874 capitularibus
597 834 815 869 contribuere
839 835 955 869 debere
980 834 1172 871 universam
1195 837 1360 877 Massam,
1383 850 1456 884 quae
1472 851 1562 878 una,

97 878 279 929 eademque
292 874 339 910 est
352 876 512 923 Capituli
530 904 540 917 ,
565 879 596 913 ὁ(
610 878 710 915 Cleri
727 893 769 917 ex
784 882 952 917 sententia
968 909 978 922 ‚
1005 893 1078 928 quae
1092 881 1223 927 placuit
1241 884 1366 932 viginti
1380 886 1564 930 Capitula-

98 925 189 960 ribus
203 924 238 959 in
254 924 533 970 Congregatione
548 927 665 962 habita
675 928 729 962 die
748 941 776 970 ς,
793 929 935 975 Angusti
951 942 1040 965 anno
1053 939 1151 971 1747.
1167 933 1376 968 contrarium
1387 945 1469 968 vero
1483 933 1563 968 sen-

96 972 264 1008 tientibus
278 970 411 1008 XXXI
422 973 464 1008 V.
475 972 552 1007 aliis
569 973 834 1021 Capitularibus
847 989 858 1014 5
871 976 959 1012 itaut
972 977 1100 1013 necesse
1117 978 1217 1015 fuerit
1229 992 1359 1016 novam
1375 981 1462 1015 banc
1475 992 1564 1016 con-

95 1019 294 1055 ttoverfiam
307 1018 437 1054 duobus
451 1045 461 1058 ,
487 1031 560 1065 quae
584 1019 780 1060 subiicimus
797 1051 806 1064 ‚
829 1024 940 1059 dubiis
953 1026 1117 1071 colligere
1134 1056 1138 1060 .
1159 1028 1294 1074 Urgent
1310 1029 1425 1074 itaque
1439 1028 1564 1074 trigin-

95 1076 130 1102 ta
144 1065 362 1112 capitulares
376 1065 577 1103 servandum
592 1067 655 1105 esse
670 1097 679 1110 ,
693 1075 780 1116 quod
795 1073 922 1117 placuit
936 1072 1218 1119 Congregationi
1231 1077 1285 1110 die
1299 1085 1333 1119 ς,
1349 1077 1490 1121 Augusti
1506 1087 1564 1110 an-

95 1114 253 1160 n'01747.
279 1125 355 1149 curn
367 1115 450 1150 certi
466 1115 555 1157 Juris
577 1116 615 1150 stt
633 1117 666 1153 in
682 1119 905 1164 expediendis
919 1118 1186 1157 Univerfitatum
1201 1150 1210 1161 ‚
1237 1123 1269 1157 &
1286 1122 1562 1169 Collegiorum.»

95 1161 251 1210 negociis
270 1161 305 1197 id
331 1172 544 1208 praegravare
559 1190 569 1204 ,
594 1167 680 1209 quod
697 1167 816 1208 majori
841 1166 1117 1214 corporatorum
1143 1182 1312 1209 numero,
1341 1169 1561 1217 pluribusque

95 1209 295 1246 eorumdem
313 1207 477 1256 suffragiis
491 1214 750 1256 comprobatum
766 1214 832 1250 fuit
849 1241 858 1254 ,
885 1224 924 1250 ut
937 1217 971 1251 in
987 1216 1011 1250 l.
1027 1218 1115 1262 quod
1130 1218 1249 1264 major.
1276 1218 1374 1263 19.ff.
1390 1221 1432 1252 ad
1445 1220 1562 1252 muni-

95 1258 199 1307 cipal.
214 1265 286 1305 cap.
300 1269 329 1293 ι.
343 1261 385 1294 &¹
399 1266 462 1293 tot.
482 1257 545 1295 tlt.
557 1261 596 1294 de
612 1259 666 1295 his
681 1261 851 1307 quaefiunt
875 1276 894 1296 a
909 1262 1027 1308 major.
1036 1272 1117 1310 par.
1130 1271 1234 1313 capit.
1248 1265 1306 1300 ubi
1317 1266 1463 1300 Ganzal.
1479 1278 1510 1299 n.
1522 1269 1562 1299 6.

96 1305 230 1350 Barbas:
244 1317 338 1341 num.
356 1315 385 1339 ι.
401 1331 412 1345 ,
426 1309 468 1342 (φ
486 1311 637 1352 fagnan-
657 1320 688 1342 n.
702 1317 732 1343 2.
748 1310 908 1357 Pirhing.
925 1312 958 1345 in
971 1313 1042 1355 rjus
1058 1317 1175 1348 canon.
1190 1313 1249 1348 lib.
1268 1323 1298 1352 ς.
1314 1315 1373 1346 tit.
1397 1322 1448 1351 12·
1475 1325 1506 1348 n.
1525 1323 1558 1347 2.

95 1351 282 1397 Barhofide
299 1358 417 1389 Canon.
436 1360 510 1401 cap.
532 1352 583 1392 38.
602 1365 692 1390 num.
711 1366 739 1395 ς.
757 1358 903 1404 &seqq-
917 1358 1035 1403 quue
1049 1359 1215 1403 amplius,
1239 1361 1329 1405 quod
1348 1358 1390 1393 lis
1405 1385 1415 1398 ‚
1438 1358 1478 1393 de
1491 1369 1560 1407 qua

97 1401 259 1447 agebatur
273 1400 306 1435 in
321 1399 408 1435 dicta
420 1400 699 1446 Congregatione
712 1402 907 1449 Capitulari
920 1430 932 1444 ,
951 1410 1017 1439 non
1033 1405 1231 1453 respiciebat
1241 1408 1318 1448 Jura
1333 1405 1558 1452 singulorum.

95 1447 150 1483 sed
164 1447 241 1489 Jura
257 1447 363 1483 totius
377 1447 532 1495 Collegii
544 1474 553 1487 ,
583 1457 620 1497 ut
640 1459 733 1495 patet
747 1463 789 1486 ex
804 1463 930 1489 novem
943 1452 1130 1497 Capitibus
1148 1454 1297 1490 definitis
1313 1455 1356 1489 ab
1379 1454 1442 1488 hoc
1453 1453 1561 1503 Sacro

95 1493 307 1535 Tribunali‚
333 1496 421 1531 &lis
444 1503 517 1532 erat
530 1493 588 1531 vel
604 1496 811 1540 necessaria,
840 1501 896 1537 vel
925 1500 1108 1548 prudenter
1128 1503 1279 1549 reputari
1307 1511 1439 1548 poterat
1462 1501 1558 1536 utilis

96 1540 264 1591 Collegio
291 1542 448 1580 universo
463 1570 474 1584 ,
495 1543 636 1590 ideoque
658 1545 874 1593 Capitulares
893 1575 901 1586 .
924 1548 982 1596 qui
998 1548 1170 1586 Tutorum
1186 1551 1260 1587 vice
1286 1550 1468 1596 funguntur
1487 1577 1494 1588 ,
1519 1556 1559 1584 ut

98 1590 200 1625 tradit
211 1592 303 1639 Spin.
321 1593 360 1626 de
376 1591 617 1640 Testamgloff,
633 1604 687 1640 24·
712 1607 800 1632 num.
816 1602 877 1641 56.
896 1597 994 1632 litem
1018 1596 1113 1632 illam
1138 1598 1306 1645 suscipere
1330 1599 1557 1636 tenebantur,

97 1645 136 1673 ut
151 1649 193 1673 ex
210 1643 310 1674 Text.
323 1640 394 1675 inl.
410 1643 545 1687 quoties
561 1652 616 1676 10.
629 1641 663 1687 §-
680 1645 775 1678 Sicut
791 1653 905 1681 autem
917 1645 958 1692 ff.
975 1645 1014 1682 de
1030 1645 1232 1686 Administr.
1251 1650 1365 1682 Tutor.
1380 1644 1484 1692 leg-Ji
1497 1643 1559 1679 bo-

97 1699 174 1722 nam
190 1686 322 1730 causam
340 1689 411 1724 cod.
427 1689 497 1724 eod.
512 1692 572 1725 tit.
589 1689 779 1726 docuerunt
793 1697 872 1729 Luc.
881 1694 919 1728 de
937 1699 1053 1728 Penna
1069 1695 1101 1727 in
1126 1694 1192 1740 leg.
1209 1695 1478 1729 nominationum
1494 1702 1554 1736 45.

97 1745 190 1769 num.
204 1745 214 1768 t
226 1745 253 1778 3.
267 1736 340 1770 Cod.
355 1737 394 1773 de
405 1737 656 1774 Decurion.lib.
676 1750 729 1774 ιο.
744 1742 876 1777 Bartol.
891 1743 926 1776 in
946 1740 970 1775 l.
986 1751 1017 1774 t.
1034 1743 1062 1776 Φ.
1076 1742 1272 1789 Sipupillis
1287 1753 1364 1776 num
1391 1749 1418 1773 2v
1436 1738 1558 1785 ibique

100 1780 258 1826 castrensi
268 1783 403 1827 Barbas:
419 1786 666 1833 Bruneman.ff.
682 1789 720 1826 de
735 1789 840 1825 tutel.
855 1795 897 1826 &
914 1789 1039 1824 ration·
1054 1788 1195 1833 distrah·
1222 1794 1351 1826 Petrus
1367 1785 1505 1831 Barlffls·
1522 1791 1558 1822 ²7²

98 1828 120 1863 l.
137 1840 211 1864 eum
225 1832 286 1875 qui
297 1839 494 1876 temere7t.
518 1846 609 1868 num.
628 1835 731 1880 79.ff.
747 1837 785 1871 de
800 1834 919 1880 ‘Judt'a
1421 1881 1427 1886 ,

50 1875 174 1922 Neque
192 1887 324 1912 mutare
337 1876 427 1923 posse
442 1879 523 1915 duas
548 1881 798 1927 exceptionem
829 1883 998 1922 alteram,
1024 1883 1115 1929 quod
1139 1883 1312 1918 sexdecim
1339 1880 1561 1925 Capitulares

96 1936 114 1959 a
144 1920 312 1971 suffragiis
344 1925 484 1960 ferendis
507 1927 752 1962 abstinuerint:
780 1929 921 1964 alteram
936 1953 946 1967 ‚
968 1931 1060 1976 quod
1082 1930 1208 1964 admiffi
1229 1928 1354 1965 fuerint
1379 1930 1418 1963 ad
1445 1925 1560 1962 suffra·

97 1970 189 2017 giutn
214 1970 389 2008 ferendum
413 1975 518 2009 etiam
541 1974 746 2010 portionarii
770 2003 778 2014 ‚
802 1976 858 2023 qui
873 1977 938 2012 hoc
962 1978 1019 2018 Jus
1037 1989 1102 2013 non
1131 1977 1278 2012 habeant
1302 1990 1312 2014 5
1339 1975 1561 2021 capitulares

97 2018 184 2052 enim
199 2044 209 2057 ,
233 2020 323 2065 quia
344 2017 505 2067 suffragiis
521 2021 671 2058 ferendis
697 2023 928 2059 abstinuerunt
944 2052 952 2064 ‚
978 2024 1043 2060 sese
1062 2037 1105 2060 eo
1127 2026 1202 2060 casu
1227 2034 1408 2073 extraneos
1428 2022 1563 2074 *reddi-

98 2066 216 2100 derunt
231 2078 249 2100 a
274 2066 460 2114 Collegio,
488 2070 586 2111 &Jus
601 2082 699 2106 omne
723 2083 842 2107 eorum
856 2071 987 2107 coaluit
1002 2074 1037 2106 in
1060 2073 1216 2111 caeteris;
1241 2073 1446 2108 Portionartt
1475 2080 1562 2105 vero

99 2111 134 2146 in
146 2113 292 2159 negociis
307 2113 566 2161 Capilularibus
582 2129 649 2151 non
663 2117 754 2154 secus
769 2146 779 2158 ,
807 2130 844 2154 ac
868 2119 1071 2166 Dignitates
1088 2147 1097 2159 ‚
1120 2122 1150 2155 ὅ(
1178 2120 1349 2156 Canonici
1363 2119 1420 2160 Jus
1437 2117 1562 2153 habue-

99 2168 198 2199 runt,
220 2162 254 2197 8<
279 2163 403 2197 habent
429 2161 579 2209 suffragii
607 2165 762 2207 ferendi,
784 2167 814 2201 &
831 2166 915 2201 licet
942 2167 1168 2203 transactione
1187 2168 1275 2203 inita
1307 2167 1397 2201 inter
1422 2177 1476 2200 eos
1492 2191 1502 2204 ‚
1530 2167 1561 2201 &

97 2204 297 2251 Capitulum
312 2236 322 2251 ,
350 2223 426 2257 qux
449 2213 645 2248 confirmata
664 2213 726 2248 fuit
752 2215 793 2248 ab
809 2213 955 2260 Optimo
981 2215 1140 2260 Principe
1162 2215 1343 2250 Clemente
1365 2212 1470 2251 ΧΗ..
1495 2213 1561 2247 hoe

98 2253 155 2305 ¹lus
169 2264 286 2292 eorum
300 2258 405 2293 certis
430 2260 586 2306 negociis
614 2261 807 2297 adstrictum
825 2260 952 2302 fuerit,
978 2262 1068 2298 inter
1085 2275 1125 2299 ea
1150 2273 1264 2298 tamen
1285 2289 1296 2303 ,
1321 2273 1395 2308 qux
1418 2269 1561 2303 excepta

97 2302 235 2336 luerunt
251 2329 260 2343 ,
281 2315 348 2340 non
366 2304 412 2340 est
428 2306 511 2341 illud
525 2334 534 2347 ,
565 2319 641 2347 cum
656 2309 914 2345 deliberandum
929 2310 974 2346 est
992 2338 1001 2351 ,
1024 2322 1065 2346 an
1081 2310 1121 2347 lis
1134 2337 1144 2350 ,
1169 2323 1243 2358 quae
1259 2308 1457 2345 universum
1469 2307 1562 2359 Col·

96 2347 223 2394 legium
234 2350 391 2397 respiciat
406 2379 415 2392 ,
440 2352 479 2388 stt
492 2354 707 2402 suscipienda
720 2383 730 2397 ,
755 2357 785 2391 δι
803 2357 1010 2394 Fortianarti
1024 2358 1058 2393 in
1071 2357 1132 2394 hac
1151 2357 1345 2405 posseffione
1362 2357 1438 2391 sunt
1452 2364 1560 2390 etiam

95 2396 170 2440 poll:
199 2396 322 2431 initam
339 2400 593 2438 transactionem
611 2403 729 2445 illam,
752 2413 790 2439 ut
813 2415 879 2439 non
906 2406 1086 2452 potuerint
1103 2432 1113 2445 ‚
1145 2418 1255 2453 neque
1282 2404 1400 2449 poilint
1423 2402 1468 2436 ab
1497 2402 1561 2453 hae

95 2441 287 2489 posseffione
300 2445 385 2480 deici
400 2461 406 2481 :
432 2448 714 2496 Respondendum
728 2450 832 2498 igitur
843 2451 906 2487 effe
931 2453 1099 2500 impensas
1115 2453 1188 2489 litis
1203 2464 1244 2488 ex
1262 2450 1368 2487 Massa
1383 2459 1559 2501 commum

94 2490 291 2534 praestandas
304 2490 368 2528 esse
383 2519 393 2533 ,
418 2503 455 2529 ut
481 2498 515 2531 in
533 2497 696 2534 similibus
712 2498 840 2534 calibus
855 2499 1052 2546 respondere
1074 2500 1190 2537 suevit
1207 2501 1275 2536 hoc
1301 2499 1442 2533 Sacrum
1477 2496 1561 2547 fr}-

94 2537 199 2574 bunal
218 2566 227 2578 .
247 2540 278 2575 ἃ
304 2541 488 2585 presertim
503 2548 537 2580 in
567 2548 760 2583 Vitcrbien.
783 2552 838 2582 23.
856 2548 1067 2594 Septembris
1092 2557 1194 2595 1737·
1212 2550 1255 2582 ad
1279 2546 1428 2597 Dl‘bfum
1456 2550 1499 2595 V?
1520 2557 1559 2579 ἠ

97 2587 240 2631 Trojana
257 2586 518 2627 Praebendarum
530 2593 564 2627 6.
591 2595 790 2631 Decembris
811 2595 906 2632 1⁷38.
933 2597 976 2629 ad
994 2596 1143 2633 Dubium
1171 2600 1212 2628 H·
1236 2621 1246 2635 .
1280 2597 1324 2629 <ff
1348 2607 1383 2629 ln
1416 2597 1560 2641 TYOJWF

88 2634 235 2677 servitii
258 2643 289 2668 2.
304 2637 409 2679 ffunii
422 2663 432 2676 ‚
453 2643 496 2674 εῖτ*
516 2648 572 2678 23·
585 2639 728 2685 ejusdem
747 2642 864 2684 Menfis
882 2652 978 2688 ¹74²·
998 2646 1042 2678 ad
1055 2643 1206 2678 Dubium
1226 2647 1285 2677 IV.
1301 2639 1559 2688 ACapitulari-

96 2681 155 2714 bus
169 2679 441 2719 dissentientibus
466 2685 555 2720 nibil
573 2687 683 2722 adhuc
698 2688 877 2724 habuimus
892 2713 903 2724 .
930 2689 1049 2725 Dubia
1064 2689 1140 2725 sunt
1160 2715 1168 2723 .

41 2726 80 2762 t.·
97 2728 329 2810 Araresbsstio
358 2734 569 2780 Capitularis
599 2745 698 2783 capta
716 2738 772 2771 die
792 2747 821 2777 ς.
852 2736 1001 2818 Λαξκιίὶίςὶ
1023 2747 1120 2785 ι747.
1145 2739 1257 2785 quoad
1277 2735 1558 2818 snstentafiofzem

266 2783 402 2814 ‹vm-XX.
1448 2792 1511 2817 ms
