1977 3028
1573 103 1583 126 1

116 120 310 170 flasi-ripn*
320 122 420 160 Secre
428 120 522 158 rarii
537 123 731 168 hujusmodi
753 123 1081 175 oratorispricibus
1096 131 1237 186 benign-e
1251 138 1446 184 annuitpro
1464 101 1614 173 Gratia’.

119 171 223 205 Adiit
238 171 300 205 hac
312 172 352 205 de
369 182 402 205 re
423 170 638 216 Capitulum
655 172 813 208 eumdem
829 176 1090 212 Sacratiflimum
1103 180 1302 227 Principem
1316 211 1326 224 ,
1341 195 1359 218 a
1371 196 1437 230 quo
1451 185 1614 228 rejectum

120 216 189 252 fuit
201 218 626 254 adR⁴P.D.Secretarium
636 222 679 254 ad
691 224 891 261 Mentem&
905 224 991 258 hanc
1006 228 1196 270 aperiendo
1209 232 1262 265 aie
1283 235 1482 280 15..Aprilis
1499 236 1612 271 eodem

120 278 211 301 anno
234 275 334 312 1750.
355 266 421 301 hoc
435 268 544 302 latum
558 266 624 301 fuit
639 267 835 304 Decretum
850 271 986 316 Remisit
1001 273 1195 313 instantiam
1210 280 1253 311 ad
1267 284 1408 315 Sacram
1426 288 1614 329 congrega-

45 323 50 330 *
110 315 252 349 tionem
267 315 412 350 concilii
429 316 633 357 adformam
647 318 812 362 rescripti
826 320 1132 354 SANCTISSIMI
1144 348 1153 361 ,
1169 327 1212 358 &v
1228 328 1371 360 interim
1389 328 1517 363 inibuir
1531 331 1611 366 hinc

108 362 197 395 inde
209 360 324 396 Causa
341 371 432 395 nunc
444 361 655 406 proponitur
673 387 682 400 ‚
705 370 827 402 tuente
843 362 1013 413 Capitulo
1024 366 1259 413 privationem
1272 371 1506 409 canonicatus
1521 390 1530 409 2
1552 375 1610 411 sed

28 401 44 452 ,ι’
113 407 276 445 viderint
303 408 570 443 Eminentiflimi
603 408 724 446 Patres
739 437 748 450 ,
778 422 821 448 an
850 414 1051 456 rescriptum
1077 416 1291 452 Sacratissimi
1322 420 1486 466 Principis
1504 448 1512 461 ‚
1538 435 1608 458 non

25 458 29 461 '
110 455 274 500 aequitati
292 464 427 490 tantum
443 481 452 493 ,
480 453 534 490 sed
549 455 631 497 juris
647 456 867 501 dispositioni
883 460 1011 495 nitatur
1025 487 1034 500 ‚
1049 473 1127 496 cum
1142 475 1280 500 cautum
1300 466 1337 501 fit
1353 468 1511 504 Decreto
1526 470 1608 505 Tri-

114 501 259 537 dentini
272 515 359 549 ‚qua
373 502 514 538 ratione
529 503 679 538 eundem
697 505 735 539 sit
746 517 862 540 contra
877 518 932 540 eos
947 533 956 547 ,
970 509 1027 552 qui
1044 509 1183 550 absunt,
1199 514 1229 547 &
1246 525 1462 551 contumaces
1476 517 1606 553 suntin

118 549 275 585 absentia
291 577 300 590 ,
324 548 583 596 itautpraefixio
596 551 654 585 illa
666 553 805 589 termini
820 554 1017 600 accipienda
1033 556 1069 590 sit
1089 559 1184 598 iuxta
1200 560 1227 592 Ἰ
1238 562 1402 598 ridentini
1414 564 1607 610 dispositio-

118 609 202 632 nem
216 623 224 632 .
251 598 287 633 A
301 598 482 633 Canonico
497 598 705 644 Stapffnihil
720 600 900 636 habuimus
912 627 923 643 ‚
936 600 1054 639 Causa:
1070 605 1194 651 Capita
1207 606 1277 642 duo
1293 609 1392 646 sunt.

70 645 104 682 Ι,
129 647 370 693 ,Amproetensa
380 647 544 693 privatio
556 671 566 685 ,
578 651 620 682 φ
638 650 828 685 nominatio
846 652 1165 696 Capitulisubslinea
1173 664 1231 689 tur
1248 682 1256 694 ,
1267 658 1508 704 feupotiussit
1521 673 1603 697 exe-

266 695 434 740 quendum
452 694 666 738 Rescriptum
685 695 882 734 Stmffiisliini
905 699 940 730 in
954 700 1029 741 casu
1044 703 1117 736 esi-c.
1134 703 1164 737 &
1190 712 1358 748 quatenus
1385 707 1547 753 negative
1562 708 1601 743 ad

266 739 415 787 primam
434 765 444 778 ‚
474 741 505 774 &
522 739 730 775 affirmative
746 742 784 776 ad
802 741 1001 779 secunndam
1022 757 1172 789 partem.

67 787 126 824 ΙΙ,
149 795 208 825 An
227 813 238 827 ‚
262 793 305 824 ζῇ*
321 800 340 820 a
355 799 419 833 qno
438 796 594 834 tempore
621 787 808 823 debeantur
826 795 984 828 canonico
1013 797 1285 841 §tapff'sritt‘itts‚
1314 801 1572 844 distributiones
1587 828 1599 844 a

270 839 314 872 φ’
331 834 405 870 alia
421 846 638 882 quaecumque
658 837 881 878 emolumenta
904 844 1119 883 Canonicalia
1134 847 1168 885 in
1181 847 1255 892 casu
1272 853 1350 888 (qve.

175 931 258 966 Non
283 933 459 979 proposita
475 961 485 970 .

73 1025 158 1111 C
177 1028 246 1064 lVI
263 1028 408 1066 rAT1s
424 1031 662 1073 CASTELLI
674 1036 1027 1076 CAPPELLANIAE
1039 1055 1048 1075 =
1062 1040 1284 1082 Testamento
1303 1073 1312 1086 ,
1334 1043 1426 1092 quod
1443 1046 1600 1082 condidit
1635 1046 1778 1090 Seſsar.
1791 1050 1902 1091 cap-3.

193 1088 282 1111 auno
294 1079 390 1128 t692.
408 1080 566 1118 Valerius
583 1086 793 1132 Augustinus
820 1088 1034 1124 Salvatorius
1062 1090 1226 1128 haeredem
1239 1093 1367 1139 scripsit
1395 1093 1600 1139 Cappellam
1634 1095 1674 1130 de
1691 1094 1768 1141 Ref-

122 1123 154 1156 S.
172 1125 321 1159 Antonii
336 1125 491 1163 Patavini
505 1128 600 1166 sitam
614 1133 647 1166 in
661 1133 807 1168 Ecclesia
823 1134 980 1171 inferiori
994 1136 1210 1175 cathedralis
1224 1141 1397 1188 Tipherni
1412 1169 1422 1182 ,
1436 1141 1514 1176 data
1529 1142 1602 1178 Ca-

116 1170 254 1206 nonico
269 1171 416 1209 Florido
433 1175 630 1213 salvatorio
656 1179 754 1214 fratri
768 1180 826 1216 suo
839 1208 849 1221 ,
868 1193 968 1227 quern
983 1183 1236 1227 Exequutorem
1252 1188 1449 1224 nominavit
1461 1216 1470 1229 ,
1492 1188 1601 1225 facul-

117 1224 193 1252 tate
206 1218 407 1256 declarandi
424 1235 528 1258 onera
542 1251 551 1263 ,
566 1226 794 1267 conditionis,
821 1229 853 1263 &
869 1231 961 1274 pacta
975 1257 984 1269 ,
1007 1233 1128 1276 quibus
1140 1235 1367 1282 Cappellania
1383 1237 1475 1281 erigi
1490 1237 1599 1271 debe-

117 1273 172 1298 ret
185 1292 195 1305 ‚
215 1267 370 1312 expressa
388 1278 522 1306 tantum
535 1273 719 1309 voluntate
733 1301 743 1316 ,
767 1284 803 1309 ut
823 1288 951 1320 primus
966 1278 1197 1324 Cappellanus
1212 1285 1448 1319 nominaretur
1474 1283 1598 1319 Cano·-

117 1313 215 1347 nicus
235 1315 451 1361 Hyppolitus
462 1319 654 1356 Novellius
666 1350 675 1362 ‚
689 1334 796 1368 eoque
812 1323 974 1360 defuncto
988 1326 1106 1372 aliquis
1121 1341 1140 1363 e
1151 1339 1253 1376 gente
1269 1331 1486 1366 Andreoccia
1501 1356 1511 1366 .
1523 1331 1597 1366 Ca-

118 1360 263 1396 nonicus
278 1361 435 1398 Floridus
448 1366 659 1403 Salvatorius
667 1370 810 1417 publico
825 1371 1052 1409 instrumento
1064 1377 1425 1423 ann01694,sundavit
1440 1378 1598 1424 Caupel-

118 1407 249 1444 taniam
264 1436 274 1449 ,
288 1410 467 1458 eidemque
494 1414 608 1450 dotem
629 1429 672 1452 ex
686 1417 782 1453 bonis
805 1419 963 1455 omnibus
985 1422 1212 1460 hereditariis
1225 1425 1405 1462 constituit
1418 1437 1520 1471 quam
1533 1438 1595 1462 au—

115 1454 172 1491 xit
185 1454 243 1491 sua
261 1459 452 1504 pecuniain
466 1460 508 1497 sc.
523 1473 605 1509 900.
617 1489 628 1503 ‚
647 1464 905 1513 declaravitque
929 1468 963 1502 in
977 1470 1094 1505 eodem
1122 1471 1350 1508 lusti-umento
1367 1475 1396 1510 se
1410 1473 1445 1508 id
1460 1472 1570 1508 facere
1584 1501 1597 1516 ,

116 1511 184 1551 per
196 1507 256 1552 poi
269 1514 420 1544 ottenere
433 1510 475 1543 da
501 1510 689 1559 Monfignor
705 1515 855 1557 Vescovo
871 1517 907 1550 di
925 1517 1021 1552 detta
1052 1520 1143 1554 Citta'
1159 1522 1195 1556 di
1213 1522 1350 1562 Castello
1367 1524 1393 1558 l'
1409 1525 1594 1560 erezzione

120 1550 213 1586 della
238 1554 410 1598 medesima
437 1556 655 1604 cappellania
673 1562 728 1596 nel
754 1563 897 1608 miglior
911 1566 1004 1599 modo
1014 1566 1162 1611 poffibile
1176 1569 1263 1604 colle
1277 1570 1597 1609 dichiarazione‚ed

120 1599 214 1634 altro
231 1602 356 1644 comesi
368 1603 447 1637 dira*
460 1629 470 1643 ,
497 1604 532 1638 &
547 1608 587 1640 ad
598 1607 685 1643 hanc
699 1607 920 1644 obtinendam
935 1613 1141 1648 erectionem
1162 1616 1202 1649 ab
1218 1615 1389 1662 Episcopo
1417 1616 1596 1653 Procura-

117 1654 230 1682 torem
245 1647 423 1684 constituit
438 1651 590 1686 eumdem
602 1653 819 1692 Canonicum
835 1658 1069 1704 Hyppolitum
1084 1661 1306 1697 Novellium.
1317 1664 1416 1709 Pacta
1429 1672 1542 1699 autem
1559 1666 1593 1700 in

120 1692 351 1731 Instrumento
365 1695 498 1739 adiecta
511 1697 581 1734 haec
595 1699 733 1738 fuerunt
747 1722 782 1730 -—
801 1706 863 1741 Che
877 1707 911 1741 la
919 1707 1080 1749 suddetta
1113 1711 1330 1757 cappellania
1357 1710 1463 1749 debba
1492 1712 1597 1757 effere

114 1748 319 1788 puramente
336 1745 464 1781 laicale
477 1746 730 1794 ⁶Juspatr0nato
743 1753 779 1786 di
805 1752 864 1798 effi)
892 1756 963 1800 Sig.
980 1759 1140 1792 Canonico
1154 1781 1165 1795 ‚
1193 1771 1209 1793 e
1225 1760 1311 1794 delli
1327 1759 1407 1801 spot·
1429 1761 1546 1800 erecti,
1575 1774 1595 1795 e

121 1789 303 1836 Successori
317 1817 327 1831 ‚
349 1804 369 1826 a
382 1793 481 1839 quali
494 1798 765 1844 appartenghino
780 1802 815 1836 in
824 1804 1038 1847 perpetuale
1052 1807 1185 1840 nomine
1197 1805 1306 1842 libere
1318 1809 1352 1842 di
1369 1808 1459 1842 tutti
1473 1832 1483 1846 ,
1503 1808 1594 1850 esin-

112 1836 191 1881 goli
208 1839 404 1884 cappellani
416 1856 451 1863 --
467 1839 529 1876 Che
545 1852 565 1873 a
583 1844 770 1890 Monsz'gn·or
787 1847 936 1890 Vescovo
965 1851 1001 1883 di
1019 1852 1111 1885 cittii
1125 1854 1161 1885 di
1188 1852 1327 1892 Castello
1348 1863 1413 1900 pro
1439 1861 1593 1900 tempore

117 1884 230 1930 spetti
242 1885 271 1920 l'
282 1889 466 1922 erezzione
479 1888 513 1922 di
530 1890 626 1924 detta
642 1893 799 1938 cappella
809 1894 912 1933 senza
925 1895 1046 1930 alcuna
1063 1897 1203 1933 minima
1213 1899 1502 1941 fitbordinazione
1519 1902 1594 1936 alla

120 1934 275 1968 Dataria
295 1931 495 1979 apostolica
513 1959 523 1973 ,
553 1949 592 1972 ne
607 1943 637 1972 s'
651 1938 795 1985 acquisti
808 1943 877 1985 7115
892 1941 928 1975 al
940 1944 1033 1978 detto
1050 1944 1237 1990 Monfignor
1254 1948 1404 1990 Vescovo
1421 1949 1457 1982 di
1473 1949 1594 1991 confe-

121 1982 194 2015 rire
205 1981 299 2017 dette
315 1980 533 2027 cappellania»
543 1996 632 2022 come
647 1985 819 2027 Benefizio
832 1987 1055 2031 Ecclesiastico
1071 2015 1081 2029 ,
1104 2006 1143 2028 ne
1159 2001 1313 2042 tampoco
1330 1996 1361 2029 d'
1377 1994 1551 2036 inslituire
1564 1997 1595 2033 tl

119 2028 291 2063 nominato
305 2045 346 2052 ——
363 2028 424 2064 Che
437 2029 531 2064 detto
548 2032 748 2079 cappellano
763 2059 773 2073 ,
798 2047 813 2069 o
832 2036 1127 2082 cappellanisiano
1143 2042 1331 2078 amovibili
1345 2045 1388 2077 ad
1400 2052 1533 2083 nutum,
1547 2048 1594 2081 Θ·

122 2075 165 2109 ad
177 2073 318 2110 libitum
330 2076 364 2109 di
376 2077 470 2110 detto
485 2079 557 2124 sig.
574 2080 736 2116 Canonico
751 2107 761 2120 ,
786 2084 888 2126 efitoi
906 2086 1088 2124 Succellbri
1101 2087 1282 2130 etiamsine
1305 2091 1402 2134 caufiz
1416 2107 1450 2115 -—
1467 2090 1515 2126 Ut
1529 2091 1594 2126 de-

123 2121 224 2166 nique
237 2121 442 2167 Cappellani
457 2134 561 2158 onera
574 2124 743 2162 sacrorum
757 2127 862 2162 etiam
878 2141 938 2177 per
953 2125 1040 2167 alios
1055 2135 1197 2182 implere
1211 2135 1347 2183 pollent
1362 2164 1370 2172 .

78 2168 211 2203 Etenio
223 2169 320 2212 hujus
334 2169 569 2216 Cappellaniae
585 2184 769 2220 numquam
784 2175 871 2210 facta
885 2176 952 2211 fuit
965 2178 1009 2213 ab
1023 2181 1193 2230 Episcopo
1208 2209 1216 2222 2
1246 2184 1276 2218 δι
1294 2184 1490 2222 Canonicus
1508 2186 1593 2222 No-

122 2215 245 2250 vellius
256 2216 384 2261 primus
398 2217 630 2263 Cappellanus
645 2221 871 2266 possessionem
885 2224 1066 2263 fundorum
1087 2230 1254 2266 dotalium
1272 2232 1405 2278 accepit
1422 2259 1432 2273 ,
1453 2234 1484 2268 &
1498 2233 1593 2269 sacra

123 2262 198 2309 egit
213 2285 228 2297 .,
247 2263 607 2302 DeceffitCanonicus
624 2270 778 2305 Floridus
790 2271 996 2308 salvatorius
1021 2274 1182 2314 fundator
1197 2289 1286 2313 anno
1315 2287 1415 2325 1699.
1432 2307 1442 2322 ‚
1462 2283 1496 2316 3<
1513 2281 1594 2316 Te-

123 2309 291 2346 stamento
306 2338 316 2352 ,
341 2313 429 2358 quod
445 2313 621 2354 condidit,
643 2319 754 2352 voluit
768 2345 778 2358 ,
800 2328 837 2354 ut
864 2318 1096 2366 Cappellaniae
1121 2325 1220 2368 hujus
1235 2351 1244 2365 ,
1273 2338 1373 2372 quam
1391 2330 1532 2364 Laicale
1557 2330 1595 2363 di

116 2358 279 2404 semplice
306 2360 492 2402 officiatum
507 2387 517 2400 2
541 2367 585 2399 <sy
599 2365 790 2401 amovibile
808 2368 852 2400 ad
875 2378 992 2404 nutum
1015 2374 1170 2409 nominat
1187 2400 1195 2412 ‚
1215 2373 1475 2419 ‚luspatronatus
1503 2373 1588 2415 fibi,

121 2405 257 2449 suisque
269 2403 505 2443 successoribus
530 2408 566 2444 in
580 2409 808 2447 Instrumento
826 2413 1077 2459 Fundationis,
1100 2421 1131 2456 δι
1156 2420 1263 2454 Dotis
1291 2421 1502 2456 reservatum
1519 2447 1529 2461 ,
1557 2422 1591 2457 in

118 2450 264 2487 Blasium
279 2451 446 2497 Righium
456 2454 619 2492 haeredem
633 2459 727 2494 suum
744 2487 754 2500 ,
779 2460 918 2506 ejusque
933 2461 1026 2498 filios
1039 2491 1049 2504 ,
1077 2468 1109 2502 δι
1136 2466 1378 2502 descendentes
1396 2469 1563 2504 masculos
1577 2495 1588 2509 ,

118 2497 225 2545 iisque
241 2498 478 2536 deficientibus
492 2527 502 2540 ,
525 2503 562 2537 in
581 2504 735 2542 faeminas
759 2519 941 2554 earumque
956 2508 1044 2547 filios
1062 2539 1072 2552 ,
1100 2516 1130 2550 δι
1159 2514 1395 2550 descendentes
1414 2515 1449 2551 in
1466 2515 1586 2551 infini-

120 2553 194 2580 tum
205 2545 361 2582 transiret
376 2547 426 2582 his
438 2550 690 2589 conditionibur
705 2580 714 2592 ,
733 2563 772 2590 ut
789 2554 990 2592 Canonicus
1006 2559 1193 2597 Novellius
1207 2588 1216 2601 ,
1233 2561 1264 2595 &
1280 2561 1348 2607 post
1364 2562 1436 2605 ejus
1449 2564 1587 2598 obitum

121 2591 250 2629 Blastus
267 2594 502 2630 Andreoccius
527 2603 677 2636 amoveri
696 2613 766 2638 non
793 2602 925 2647 possent
940 2616 957 2638 a
971 2604 1197 2653 Cappellania
1212 2635 1222 2649 ,
1249 2617 1354 2654 utque
1371 2609 1405 2646 in
1421 2612 1542 2655 futuro
1558 2612 1588 2646 li

120 2643 324 2687 cappellani
334 2644 375 2676 da
394 2645 606 2689 nominarfifi
615 2649 789 2695 fiielg.zno
803 2653 843 2685 da
860 2654 1065 2693 discendenti
1082 2659 1332 2704 inperpetuum
1350 2659 1404 2694 del
1425 2660 1586 2705 Sig.Bia·

114 2690 178 2732 gio
192 2689 292 2734 Bighi
308 2692 375 2725 mio
389 2693 486 2726 crede
502 2696 664 2730 ancorche
682 2699 840 2744 semplici
857 2701 1003 2736 chierici
1018 2722 1037 2741 ,ν
1055 2705 1154 2749 quali
1176 2703 1308 2751 pessumo
1322 2706 1382 2747 far
1408 2705 1587 2741 celebrare

116 2737 160 2770 da
174 2735 262 2771 altri
278 2739 453 2776 Sacerdoti
478 2751 534 2776 cen
547 2741 574 2775 l’
587 2742 761 2786 elemosina
774 2759 793 2779 a
806 2747 880 2785 loro
894 2747 1043 2784 arbitrio
1059 2775 1069 2788 ,
1095 2765 1112 2786 e
1139 2764 1200 2788 non
1217 2752 1376 2799 elsendoci
1388 2753 1578 2844 alcunyde'

1020 2797 1050 2832 C
1078 2809 1097 2834 2
1462 2802 1497 2835 di
1513 2818 1529 2825 -
