1945 3028
1096 124 1098 126 v
1532 114 1552 139 2

110 142 288 180 Xaverius
304 171 314 186 ,
340 146 371 179 ἃ
399 145 557 186 auditus,
581 156 616 180 ut
646 144 720 180 fieri
737 145 844 186 solet,
868 144 1053 191 Episcopus
1068 157 1138 183 rem
1150 148 1352 184 omnemita
1377 157 1491 183 narrat
1511 163 1520 182 t
1546 112 1586 185 tit

115 191 221 230 lites,
243 193 274 226 ἃ
300 193 537 229 controversiae
561 193 647 227 inter
671 192 831 227 Graecam
862 194 1213 240 Archipresbyterum
1250 195 1359 231 I'errte
1387 196 1517 236 Firmi,
1551 198 1585 231 ὅ(

118 238 335 275 Sacerdotem
358 239 514 275 Latinum
530 238 658 274 ibidem
673 241 881 284 praepositum
899 266 908 279 ,
923 250 960 275 ut
981 240 1199 276 Sacramenta
1211 242 1418 278 ministraret
1434 242 1584 282 Latinis,

115 284 223 321 finem
250 287 434 333 aliquando
459 286 623 320 haberent
640 312 650 325 ‚
675 286 833 321 Graecum
849 287 1202 334 Archipresbyterum
1225 288 1356 335 petiiss'e
1387 292 1428 325 ab
1444 290 1585 337 Episco-

115 344 161 379 po
177 360 187 374 ‚
214 343 252 368 ut
274 333 363 368 Filio
388 332 447 368 suo
471 332 624 367 Xaverio
650 334 782 368 veniam
796 336 890 368 daret
920 333 1111 370 transeundi
1137 347 1155 369 e
1186 335 1313 372 Graeco
1333 336 1420 371 Ritu
1450 339 1491 371 ad
1510 337 1581 372 La-

119 381 228 415 tinum
244 407 252 414 .
278 380 324 415 ita
346 381 437 414 enim
460 378 620 426 potuisset
633 379 741 415 Filius
761 381 799 414 ad
815 381 929 416 Sacros
947 380 1094 417 Ordines
1117 392 1296 429 promotus
1328 383 1582 430 Archipresbye

119 437 269 463 teratum
288 427 447 462 obtinere
459 453 470 466 ,
496 426 648 473 Rituque
667 427 790 461 Latino
804 427 995 462 ministrare
1010 455 1018 463 .
1045 429 1183 464 Annuit
1199 428 1358 474 precibus
1371 430 1557 475 Episcopus
1571 457 1581 470 ‚

85 475 245 522 „certior
258 485 367 510 tamen
387 474 477 519 prius
502 473 607 509 faetus
631 476 673 509 ab
698 474 767 519 ipso
781 472 936 510 Xaverio
948 475 993 509 de
1006 473 1068 511 hac
1095 477 1153 511 sua
1166 476 1349 512 voluntate
1365 504 1374 517 ‚
1400 478 1581 512 eumdem-

136 535 202 568 que
216 522 293 556 inde
305 523 339 555 in
356 521 487 556 Album
502 519 623 555 retulit
637 532 755 556 eorum
767 547 778 561 ,
802 522 862 569 qui
879 521 1119 559 Ecclesiasticis
1135 523 1322 559 Ordinibus
1335 535 1472 569 operam
1495 524 1581 559 dare

117 569 260 614 cupiunt
281 595 291 609 ‚
317 569 462 615 dataque
485 569 592 603 eidem
625 567 787 603 facultate
806 594 817 606 ‚
845 579 886 604 ut
916 569 1084 604 incederet
1109 571 1143 605 in
1171 570 1290 605 habitu
1312 597 1322 610 ,
1355 572 1387 606 δι
1417 571 1580 605 Tonsura

115 616 287 651 Clericali
305 642 315 656 ‚
340 627 379 650 ca
408 625 522 650 tamen
549 614 644 661 lege,
672 625 710 650 ut
726 615 909 656 Ecclesiae,
934 615 1106 652 &Latino
1131 617 1308 652 Sacerdoti
1335 617 1464 652 Latino
1489 617 1580 653 Ritu

116 662 280 698 serviret.
311 663 386 697 Hac
401 663 501 697 venia
527 660 704 708 impetrata
719 688 730 703 ‚
753 662 944 700 Xaverium
957 663 1096 698 servasse
1114 664 1243 709 semper
1261 663 1424 699 Latinum
1441 665 1579 704 Ritum,

115 721 194 745 cum
209 709 244 744 in
266 710 410 755 Oppido
433 710 609 749 Saracena:
625 735 636 748 ,
660 710 718 744 uhi
745 709 862 745 nullus
886 710 932 745 est
955 711 1068 751 Graeci
1092 710 1195 747 Ritus
1216 711 1377 747 Sacerdos
1402 739 1413 752 ,
1445 720 1516 746 tum
1543 712 1580 747 in

115 756 272 792 Civitate
299 756 493 804 Neapolis,
519 767 592 803 quae
619 757 652 794 in
669 755 761 792 Loca
776 757 969 793 Studiorum
987 758 1086 794 causa
1109 758 1305 797 secesseram
1338 758 1492 794 Firmum
1506 768 1579 793 tan-

114 803 192 839 dem
216 804 390 841 reversum
410 802 600 839 Xaverium
625 804 792 850 sponsalia
817 804 1024 840 contraxisse
1046 816 1122 846 cum
1147 806 1267 842 Graeca
1291 805 1412 841 Puella
1440 805 1575 853 Oppidi

112 849 247 897 Longri
263 878 273 890 ‚
303 851 334 886 &
349 863 425 887 cum
452 850 711 888 matrimonium
725 852 924 888 contrahere
951 852 1058 888 vellet
1073 879 1084 893 ‚
1107 854 1247 892 veniam
1272 852 1581 897 impetraffeaCu-

113 898 162 933 ria
177 898 364 945 Episcopali
379 925 388 938 ,
420 908 457 933 ut
481 897 890 934 fierentdenunciationes
911 926 915 930 -
945 901 1031 936 Haec
1048 925 1058 940 ‚
1083 910 1120 935 ut
1134 899 1466 946 rescivitEpiscopus
1480 925 1490 938 ,
1505 911 1578 936 mo-

112 945 222 981 nuisse
245 946 590 994 Areliipresbyterum
613 945 775 986 Patrem,
800 948 831 983 &
866 945 1055 986 Xaverium
1079 945 1189 983 filium
1214 948 1258 983 de
1275 947 1492 982 matrimonio
1514 958 1580 982 co-

112 1004 185 1029 ram
202 992 328 1028 Latino
353 993 556 1040 Oeconomo
585 993 842 1033 contrahendo‚·
866 1005 943 1029 cum
960 993 1018 1039 ipfi
1046 994 1079 1029 id
1103 1007 1192 1041 aegre
1220 994 1372 1034 ferrent,
1402 992 1578 1033 suasisse-s,

114 1049 153 1075 ut
169 1052 268 1086 quam
284 1039 352 1085 ipse
382 1042 457 1075 dare
471 1051 537 1075 non
553 1049 686 1086 poterat
705 1040 844 1076 veniam
863 1066 874 1080 ,
898 1040 1061 1088 regress'us
1092 1042 1136 1078 ad
1149 1041 1308 1078 Graccum
1336 1040 1460 1077 Ritum
1474 1067 1485 1081 ,
1509 1042 1579 1076 im-

114 1096 286 1134 petrarent
304 1100 322 1126 a
336 1088 472 1122 Summo
482 1087 649 1124 Pontifice
670 1101 679 1121 ε
708 1087 879 1134 Negatam
895 1100 982 1124 vero
996 1089 1082 1124 hanc
1100 1090 1237 1124 veniam
1256 1087 1352 1124 fuisse
1369 1088 1476 1132 ipsum
1490 1090 1574 1134 Epi-

113 1133 251 1179 scopum
276 1133 438 1179 accepisfe
454 1146 494 1169 ex
512 1134 621 1172 literis
637 1161 647 1174 ‚
671 1146 755 1180 quas
782 1135 902 1170 habuit
930 1147 947 1169 a
964 1135 1063 1175 Sacra
1083 1133 1365 1182 Congrega'tione
1382 1135 1575 1171 Universa-

113 1181 155 1216 lis
170 1181 397 1228 Inquisitionis
410 1208 420 1222 ,
445 1183 478 1216 ὃ(
507 1192 588 1227 quas
608 1182 923 1229 Archipresbytero
939 1181 1030 1218 Patri
1047 1208 1058 1221 ,
1083 1181 1223 1229 filioque
1239 1181 1395 1218 Xaverio
1412 1184 1576 1218 monstra—

110 1230 184 1264 vit:
213 1229 265 1263 his
281 1239 395 1266 tamen
408 1228 571 1263 omnibus
599 1228 719 1272 spretis
738 1229 928 1264 Xaverium
940 1239 1083 1275 repente
1098 1231 1130 1263 in
1149 1229 1328 1276 Oppidum
1344 1229 1471 1274 Longu*
1495 1242 1574 1266 con-

101 1274 255 1315 'cessisse,
285 1278 317 1313 ὃς
340 1274 586 1311 coramGraeco
599 1276 757 1311 parocho
770 1274 960 1312 Canonicas
991 1276 1088 1312 horas
1113 1276 1150 1311 in
1179 1277 1298 1312 Choro
1320 1276 1535 1323 persolvente
1563 1302 1574 1312 .

108 1322 230 1404 {uella
253 1323 357 1359 etiam
384 1321 557 1364 adventa,
586 1321 754 1363 solemnia
780 1324 987 1362 matrimonii
1010 1324 1117 1362 verba
1143 1324 1401 1372 pronunciasse:
1429 1324 1481 1360 lta
1499 1323 1576 1370 Epi-

126 1382 168 1407 co
193 1383 228 1406 us
250 1395 261 1404 .
575 1398 577 1400 .

62 1383 191 1459 contri}
205 1416 382 1457 xaverius
413 1416 523 1455 minus
545 1430 629 1455 vere
658 1419 728 1455 haec
754 1420 796 1456 ab
811 1419 973 1466 Episcopo
997 1420 1125 1457 narrari
1150 1421 1220 1460 ait,
1249 1431 1395 1467 eumque
1413 1431 1457 1455 ex
1473 1419 1576 1460 facto.

76 1508 78 1511 y
108 1468 198 1502 &ex
221 1468 302 1508 jure
320 1479 339 1501 a
362 1466 434 1503 veri
460 1466 568 1512 specie
591 1467 748 1503 recedere
774 1469 978 1517 contendit3
1003 1479 1105 1515 negat
1133 1469 1227 1504 cnim
1260 1467 1392 1513 petiisse
1411 1478 1576 1513 umquam

108 1515 149 1550 ab
174 1513 334 1558 Episcopo
360 1514 495 1549 veniam
510 1513 708 1549 transeundi
731 1516 771 1549 ad
787 1514 911 1551 Ritum
930 1516 1094 1552 Latinum
1110 1542 1119 1556 ‚
1147 1517 1179 1552 &
1197 1515 1217 1550 si
1241 1518 1383 1551 verbum
1398 1514 1507 1549 ullum
1526 1515 1576 1549 in-

109 1561 410 1608 tertEpiscopum,
435 1563 466 1597 ὅι
485 1561 833 1608 Archipresbyterum
855 1563 991 1601 Patrem
1016 1563 1080 1598 hac
1101 1565 1141 1599 de
1171 1575 1206 1598 re
1227 1564 1352 1598 factum
1377 1561 1485 1597 suerit
1501 1589 1511 1601 ‚
1540 1562 1575 1597 id

112 1608 234 1644 factum
265 1609 375 1651 dicit,
401 1609 434 1645 se
457 1611 636 1655 ignorante
653 1635 664 1648 ‚
690 1610 850 1646 &invito
866 1637 876 1651 ,
901 1611 959 1657 qui
990 1611 1145 1649 Patrios,
1173 1611 1204 1645 &
1233 1623 1251 1646 a
1282 1610 1480 1653 Maioribus
1504 1609 1575 1644 suis

107 1656 240 1699 semper
252 1656 404 1692 servatos
427 1656 529 1692 Ritus
544 1656 687 1692 retinuit
702 1657 963 1694 constamiffime
982 1668 1055 1694 tum
1070 1658 1105 1693 in
1122 1657 1265 1705 Oppido
1284 1658 1456 1693 Saracenae
1475 1667 1575 1695 ,curn

104 1703 141 1740 in
165 1704 320 1741 Civitate
348 1704 539 1749 Neapolis,
564 1713 601 1739 ut
628 1704 764 1741 testibus
779 1706 861 1741 viris
877 1705 1058 1752 Religiofis
1078 1732 1088 1748 ‚
1114 1706 1145 1740 &
1167 1704 1321 1740 Parocho
1336 1705 1479 1752 probat:
1502 1703 1573 1739 Re-

103 1751 228 1796 scripto
240 1750 358 1788 Curiae
371 1751 573 1797 Episcopalis
589 1755 783 1788 mandatum
805 1751 899 1788 fuiffe
915 1781 925 1794 ,
953 1763 990 1789 ut
1007 1752 1293 1789 denunciationes
1309 1754 1351 1787 ab
1369 1750 1573 1797 Archipres-

101 1798 377 1846 byterisGraeeis
393 1801 498 1835 Firmi
518 1826 528 1840 ‚
552 1800 584 1834 8<
601 1799 730 1844 Lonqri
748 1800 869 1837 fierent
889 1800 986 1842 juxta
1000 1801 1174 1836 decretum
1197 1799 1395 1835 Tridentini
1417 1826 1427 1840 ‚
1456 1800 1575 1836 unda>

103 1846 301 1891 apertitlime
317 1848 447 1890 probari
463 1846 547 1882 dicit
570 1845 604 1881 se
628 1859 646 1882 e
661 1847 783 1883 Graeco
807 1848 850 1886 ad
863 1846 1024 1886 Latinum
1038 1847 1164 1885 Ritum
1184 1858 1358 1894 nunquam
1385 1843 1548 1883 transiiffe
1563 1868 1576 1883 .

102 1896 188 1930 alias
205 1904 271 1928 non
285 1893 407 1930 Graeco
419 1894 735 1941 ‘Archipresbytero
751 1895 856 1930 Firmi
877 1920 887 1932 ‚
913 1896 967 1928 sed
984 1895 1108 1928 Latino
1125 1895 1327 1927 Oeconomo
1354 1894 1471 1926 datum
1486 1891 1574 1942 fuis-

102 1939 153 1977 set
179 1952 298 1977 munus
317 1941 622 1978 <inundationum
655 1954 674 1975 a
698 1939 804 1974 Curia
826 1939 1014 1984 Episcopali
1052 1952 1061 1972 ε
1091 1939 1226 1974 nullum
1254 1940 1296 1973 ab
1325 1937 1485 1983 Episcopo
1515 1935 1574 1973 edi

101 1997 353 2024 monimentum
365 1989 461 2029 huius
474 1988 585 2023 venia:
601 1989 642 2021 ab
653 1999 695 2021 eo
711 1985 853 2020 indultae
870 1984 1066 2020 transeundi
1082 1995 1101 2019 e
1114 1983 1238 2019 Graeco
1263 1985 1304 2019 ad
1330 1983 1449 2020 Ritum
1470 1984 1572 2020 Lati-

101 2046 203 2071 num:
230 2035 362 2070 nullum
386 2033 507 2070 dedisse
529 2032 728 2069 mandatum
744 2059 752 2071 ,
781 2041 817 2068 ut
846 2042 960 2077 preces
984 2029 1192 2069 offerrentur
1227 2031 1367 2067 Summo
1387 2029 1568 2071 Pontifici,

101 2084 224 2130 quibus
265 2081 470 2118 ostularetur
485 2080 645 2127 regressus
659 2080 701 2115 ad
718 2079 878 2115 Graecum
898 2079 1021 2115 Ritum
1034 2103 1045 2118 ,
1072 2078 1128 2114 sed
1143 2106 1153 2119 ,
1177 2091 1221 2115 eo
1238 2078 1413 2125 ignorante
1431 2105 1443 2119 ,
1467 2080 1569 2116 obla-

103 2139 154 2167 tas
175 2094 272 2168 fuitfe
286 2141 327 2164 ex
346 2129 506 2164 mandato
526 2127 659 2165 vicarii
673 2126 860 2165 Generalis
876 2154 886 2167 ,
911 2138 949 2164 ut
977 2137 1103 2161 morem
1118 2136 1248 2172 gereret
1265 2126 1454 2173 Epispopo=
1482 2125 1571 2164 Haee

105 2174 281 2214 Xaverius
293 2189 338 2214 ex
351 2175 441 2214 facto
456 2201 469 2213 2
495 2176 638 2219 ExJure
662 2186 748 2211 vero
762 2174 935 2222 disputat,
960 2185 1077 2209 errare
1093 2172 1294 2219 Episcopum
1306 2199 1315 2212 ‚
1344 2173 1422 2209 dum
1438 2173 1570 2209 censuit

104 2221 363 2262 Constitutione
376 2224 594 2261 Sacratiffimi
608 2221 781 2269 Principis
808 2221 944 2258 nullum
967 2220 1128 2257 declarari
1146 2221 1400 2258 matrimonium
1429 2230 1570 2257 contra-

105 2272 192 2308 Clum
213 2275 302 2309 inter
318 2275 486 2308 Maritum
512 2273 671 2308 Latinum
686 2296 696 2310 ,
728 2274 772 2307 &-
790 2270 974 2306 Mulierem
994 2275 1144 2304 Graecaem
1161 2281 1275 2305 coram
1291 2270 1448 2305 Parocho
1468 2276 1567 2304 Gra:-

105 2331 141 2353 co
160 2344 170 2359 ,
193 2321 272 2368 quia
285 2318 446 2363 Princeps
459 2319 624 2366 Optimus
639 2315 928 2362 providentiffima
944 2315 1037 2364 Lege
1051 2315 1296 2353 controversias
1313 2316 1439 2352 tollere
1454 2314 1570 2351 voluit

104 2363 192 2402 inter
217 2367 383 2403 Pax-ochos
397 2365 560 2406 Grecos,
586 2363 794 2410 Latinosque
811 2389 823 2404 ,
846 2364 878 2399 δι
895 2363 974 2399 ideo
989 2364 1122 2398 modum
1138 2363 1262 2398 indixit
1278 2390 1289 2403 ,
1316 2375 1387 2410 quo
1400 2363 1569 2399 tolleren-

103 2421 182 2453 tur,
209 2422 244 2448 at
266 2425 344 2449 eum
358 2425 427 2450 non
447 2414 667 2461 derogaverit
683 2412 841 2447 Decreto
857 2409 1082 2448 Tridentini,
1102 2421 1178 2446 cum
1195 2421 1262 2445 non
1276 2409 1472 2457 apposuerit
1486 2409 1568 2455 spe-

101 2459 201 2496 cifice
225 2461 332 2507 legem
345 2461 535 2498 irritantem
550 2457 807 2497 matrimonium
826 2458 927 2493 aliter
940 2457 1153 2494 contractum
1167 2483 1178 2497 ‚
1204 2457 1356 2504 sequitur
1371 2481 1392 2499 A,
1418 2465 1454 2492 ut
1486 2467 1562 2506 ma·

101 2507 299 2543 trimonium
312 2517 434 2544 contra
451 2507 592 2544 formam
614 2504 806 2543 Pontificiae
833 2505 935 2552 Legis
964 2505 1112 2545 initum,
1137 2504 1303 2540 illicitum
1329 2504 1465 2550 quidem
1495 2502 1570 2539 dici

99 2556 222 2600 potiit,
249 2563 282 2588 at
297 2552 428 2590 firmum
443 2582 453 2596 ‚
476 2555 695 2602 validumque
721 2552 760 2587 fit
779 2580 787 2593 ,
809 2564 879 2589 non
911 2560 949 2588 ut
975 2550 1169 2598 Episcopus.
1187 2549 1317 2586 censuit
1347 2552 1480 2586 nullum
1498 2576 1508 2590 ‚
1534 2552 1570 2585 ὅ(

100 2601 290 2638 invalidum
305 2630 310 2636 .
338 2601 430 2637 dinc
445 2602 555 2649 itaque
568 2630 578 2644 ,
602 2602 715 2649 pergit
727 2600 896 2637 Xaverius
910 2627 920 2640 ,
947 2599 1057 2635 nullas
1071 2599 1136 2635 esse
1152 2626 1159 2638 ,
1178 2600 1209 2634 &
1224 2598 1359 2639 iniustas
1376 2597 1568 2639 Gensuras,

98 2648 238 2691 injustas
266 2646 428 2695 quidem·,
450 2659 528 2684 cum
539 2649 692 2687 validum
707 2648 811 2686 fuerit
835 2647 1115 2687 matrimonium,
1143 2646 1252 2682 nullas
1268 2672 1281 2686 .
1305 2657 1385 2682 cum
1404 2646 1568 2695 relaxate

98 2695 230 2733 tuerint
252 2695 320 2731 sine
349 2696 515 2734 citatione
536 2695 707 2744 personali
726 2724 736 2736 .
775 2696 863 2735 kiaec
885 2693 1065 2778 Xavegus
1079 2718 1090 2732 .
1120 2693 1271 2731 Videant
1297 2692 1567 2776 Eminetffliiimi

243 2747 457 2782 rom-XVIII.
1482 2765 1492 2775 ·
1515 2763 1528 2780 ο
