1978 3017
45 619 129 662 Scjs.
144 627 200 655 22.
217 630 245 653 c.
264 618 295 657 34

20 667 59 701 de
82 666 152 711 Ref-

511 136 674 179 refidere,
701 135 745 171 ὠ
760 136 794 170 in
809 128 925 169 eadem
945 127 1135 178 collegiata
1147 139 1215 164 una
1241 136 1315 164 cum
1328 125 1641 176 archipresbytero
1656 154 1666 169 ‚
1685 130 1746 174 seu
1765 135 1838 177 Re·
1854 156 1855 159 η

514 186 603 218 {lore
617 207 628 222 ‚
650 181 796 226 aliisque
819 180 991 215 Canonicis
1005 188 1122 213 curam
1139 179 1350 214 Animarum
1364 176 1494 218 insimul
1514 176 1788 218 administrant&
1797 190 1838 212 us

517 230 744 265 'Parochialia
770 239 908 263 munera
926 237 1108 263 exercere,
1127 233 1232 272 atque
1260 219 1406 258 Divinis
1432 222 1537 268 Officii
1549 222 1685 267 affislere
1698 228 1733 261 in
1757 225 1834 269 casu

516 280 589 313 &a
606 301 616 316 ,
643 276 675 310 &
688 284 852 321 quatenus
874 271 1079 309 affirmative
1094 294 1105 306 .

329 325 376 364 ΙΙ.
402 330 462 362 An
475 352 486 367 ,
518 326 561 360 Θ
575 336 594 358 a
609 335 673 370 quo
686 332 835 370 tempore
858 325 947 358 idem
964 323 1144 356 canonicus
1161 318 1324 354 Vendetti
1340 317 1380 354 ob
1403 317 1477 364 ejus
1503 316 1688 360 absentiam
1710 314 1834 356 tenea-

518 378 576 406 tur
592 369 768 412 restituere
779 369 913 413 frucfflus
922 376 1105 416 perceptos
1121 363 1309 400 ‘Praebendae
1339 364 1552 402 canonicalis
1566 389 1576 403 ‚
1605 368 1648 402 ὠ
1667 364 1765 407 distri
1776 364 1838 401 bu·

517 422 627 456 tiones
645 416 752 463 Maffie
772 418 955 455 communis
971 419 1007 452 in
1032 415 1110 459 casu
1128 416 1203 449 &a

429 514 551 551 Dilata
567 539 576 554 ‚
602 514 635 549 &
649 519 855 559 proponatur
871 511 905 546 in
921 510 1030 558 prima
1053 507 1158 544 etiam
1176 506 1275 543 unica
1292 533 1302 551 ,

338 611 421 697 R
436 607 627 644 OMANA
641 603 999 648 JUBILATIONIS:
1020 604 1145 640 Exacto
1158 600 1429 649 quadragenario
1443 608 1594 646 tempore
1608 598 1744 638 servitii
1757 609 1842 645 prae-

446 655 516 692 stiti
533 655 708 691 Vaticanae
722 653 869 689 Bafilicae
881 679 890 692 ‚
914 653 1140 689 vacationem
1153 650 1310 685 obtinuit
1324 650 1366 683 ab
1379 648 1441 684 hoc
1456 648 1556 683 Sacro
1571 641 1758 684 Tribunal'i
1770 647 1838 683 Ni-

384 703 500 740 colans
513 702 660 749 Argenti
670 700 829 736 Clericus
838 700 1063 736 Beneficiatus
1073 723 1081 733 .
1092 697 1238 732 Putabat
1251 704 1362 730 autern
1373 696 1436 731 hoc
1450 697 1629 741 impetrato
1643 693 1816 731 Beneficio
1833 717 1846 733 2

387 752 420 787 se
437 752 620 787 immunem
634 762 652 785 a
677 748 830 794 quolibet
843 747 975 783 servitii
988 757 1109 793 genere
1134 744 1227 785 juxta
1241 743 1460 778 vacationum
1474 769 1484 782 ,
1511 741 1565 778 seu
1579 751 1616 777 ut
1629 741 1748 778 dicunt
1766 744 1844 784 ⁴711-

387 799 590 835 hilarianum
604 804 759 832 naturam
774 821 784 836 ‚
809 795 941 830 audivit
954 803 1068 829 tamen
1091 793 1224 826 Petrum
1240 789 1352 824 Severi
1369 789 1573 824 contendere
1588 801 1665 824 eum
1680 780 1790 824 reneri
1803 787 1846 823 ad

386 845 609 892 praestandum
621 843 802 881 servitium
816 841 931 876 Officii
956 839 1124 886 Acolytlii
1143 836 1174 871 in
1199 837 1306 871 Sacris
1333 834 1625 871 Conventualibus
1642 835 1736 877 juxta
1762 846 1844 870 con-

388 892 598 929 suetudinem
611 918 622 931 ,
643 903 743 938 quam
755 890 888 925 dicebat
905 886 968 924 esse
993 889 1025 923 in
1049 886 1166 921 eadem
1184 884 1353 919 Vaticana
1368 881 1506 918 Basilica
1523 905 1531 919 ‚
1554 891 1593 917 ut
1616 881 1675 928 qui
1691 881 1850 918 vacatio-

390 952 468 976 nem
485 966 495 980 ,
521 939 576 974 seu
601 938 843 980 Jubiiationem
864 937 1089 970 obtinuerunt
1104 958 1113 971 ‚
1142 930 1317 966 servitium
1335 931 1368 964 in
1395 929 1450 964 sua
1474 928 1620 977 quinque
1633 928 1848 964 hebdomada

389 987 490 1022 altari
503 986 657 1033 praestare
673 986 817 1020 debeant
833 1012 842 1019 .
871 981 1040 1028 Confugit
1056 981 1159 1026 igitur
1177 977 1343 1012 Nicolaus
1361 975 1404 1011 ad
1430 975 1712 1017 Eminentiffimos
1730 975 1848 1012 Patres

390 1034 563 1081 postulans
576 1061 585 1073 ,
612 1042 650 1068 ut
666 1033 878 1066 declararent
892 1041 967 1065 eum
982 1029 1164 1064 immunem
1191 1026 1232 1059 ab
1257 1025 1321 1060 hoc
1346 1023 1488 1059 servitio
1505 1049 1516 1063 ,
1534 1035 1602 1059 non
1623 1022 1775 1059 obstante
1793 1021 1851 1058 al·

390 1090 523 1116 ternata
538 1083 599 1115 liae
626 1078 864 1114 consuetudine
879 1104 888 1116 ,
912 1076 992 1111 alias
1018 1073 1143 1109 inutile
1167 1072 1237 1107 fere
1264 1071 1294 1106 ei
1319 1070 1389 1105 fore
1407 1070 1610 1106 beneficium
1632 1069 1822 1105 vacationis
1839 1095 1851 1109 ,

389 1140 468 1162 curn
483 1154 494 1167 ,
519 1128 577 1175 qui
592 1128 660 1163 hoc
685 1123 886 1161 beneficium
901 1136 970 1159 non
988 1123 1113 1156 babent
1127 1146 1137 1160 ,
1162 1119 1284 1164 viginti
1301 1118 1501 1153 hebdonadis
1521 1117 1697 1153 servitium
1716 1115 1852 1163 praesta-

392 1187 427 1210 re
442 1184 620 1210 teneantur
636 1202 644 1215 ,
671 1172 737 1220 ipse
759 1184 847 1207 vero
862 1179 1033 1205 teneretur
1052 1168 1137 1202 illud
1152 1165 1530 1211 pr.tstare'hebdornadis
1556 1163 1724 1199 sexdecim
1739 1187 1750 1200 .
1774 1162 1853 1198 Pia-

391 1223 463 1258 cuit
478 1222 701 1269 Ampliflimis
719 1220 872 1254 Patribus
889 1219 1005 1253 audire
1022 1218 1060 1251 de
1075 1216 1126 1250 liis
1148 1216 1302 1260 precibus
1322 1211 1621 1246 Eininentiiiitnum
1638 1211 1853 1257 Archipres-

393 1272 572 1318 byteruin3
602 1280 747 1315 eumque
766 1277 881 1314 rogare
896 1292 906 1307 ‚
931 1274 968 1300 ut
983 1263 1086 1298 animi
1101 1262 1149 1296 sui
1173 1259 1374 1295 sententiam
1389 1258 1581 1306 explicaret
1611 1260 1728 1293 audito
1747 1263 1852 1303 Capi-

393 1320 466 1353 txelo
481 1344 491 1357 ‚
518 1323 560 1354 (φ
577 1316 728 1362 intercffiz
743 1314 941 1350 habentibus
962 1336 970 1345 .
1002 1309 1205 1356 Capitulum
1224 1320 1291 1342 uno
1314 1305 1478 1342 consensu
1499 1303 1627 1340 censuit
1653 1303 1763 1339 deberi
1782 1303 1855 1338 Ni-

393 1365 493 1400 colao
508 1365 779 1400 immunitatem:
809 1358 965 1396 Interesse
983 1358 1144 1393 habentes
1167 1383 1174 1393 ‚
1204 1356 1259 1389 alii
1281 1365 1400 1398 nempe
1414 1353 1544 1388 Clerici
1559 1350 1858 1386 Beneficiaticon-

393 1412 522 1446 sensum
552 1411 777 1456 praestiterunt
794 1433 804 1444 .
829 1406 1108 1442 Einineniiiiimus
1128 1403 1414 1448 Archipresbyter
1441 1399 1637 1436 luculenta.
1660 1405 1762 1445 atque
1783 1396 1855 1431 ele-

394 1458 582 1505 gantissima
608 1456 757 1505 Epistola
785 1454 985 1491 sententiam
1014 1450 1120 1486 animi
1148 1451 1197 1484 sui
1226 1457 1359 1491 aperuit
1383 1447 1560 1482 secundum
1586 1445 1768 1479 Nicolaum
1785 1469 1794 1483 ‚
1821 1445 1854 1478 ὅ(

395 1506 653 1541 vehementibus
670 1504 864 1539 rationibus
893 1499 1167 1536 consuetudinem
1188 1497 1281 1531 illam
1310 1493 1465 1529 assertam
1487 1493 1693 1539 speetandam
1712 1501 1777 1525 non
1791 1487 1856 1524 esse

396 1552 544 1588 differui‘t
569 1577 580 1588 .
606 1550 862 1596 Rescripserunt
890 1548 997 1593 igitur
1028 1543 1284 1581 Eminentissimi
1310 1542 1425 1577 Patres
1453 1541 1637 1576 secundum
1667 1537 1856 1573 Nicolaum

394 1602 497 1647 juxta
516 1606 638 1636 Votum
658 1598 911 1639 Eminentislimi
927 1594 1238 1641 .A›cl11s:iesl'2¹vte‘ti
1255 1613 1266 1624 ·

354 1647 589 1693 Exequutione
605 1647 754 1693 rescripti
770 1643 1049 1680 contradictorem
1074 1631 1303 1682 sesepraestitit
1316 1635 1437 1671 Petrus
1450 1634 1590 1673 Severi,
1605 1631 1745 1678 ideoque
1764 1640 1858 1668 nunc

398 1695 510 1730 Causa
533 1696 733 1740 proponitur
754 1693 880 1727 duobus
906 1688 1061 1723 distincta
1084 1686 1262 1731 Capitibus
1276 1710 1285 1723 ,
1306 1693 1343 1717 ut
1360 1683 1496 1729 plenius
1516 1682 1559 1717 ab
1584 1677 1860 1715 Eminentiffimis

398 1741 556 1777 Patribus
571 1740 809 1785 cognoscatur.
841 1738 949 1782 Urget
969 1735 1108 1769 Nicolas
1124 1732 1190 1777 ipsa
1208 1731 1397 1766 vocationis
1412 1755 1422 1769 ‚
1448 1730 1478 1764 3<
1499 1725 1717 1770 jubilationis
1731 1734 1856 1761 natura

398 1791 509 1825 datam
522 1788 583 1824 csse
598 1788 685 1822 hanc
699 1785 949 1821 immunitatem
962 1785 1002 1815 ab
1013 1780 1106 1816 omni
1121 1790 1221 1813 onere
1238 1804 1247 1817 ,
1259 1776 1466 1822 servitioque
1479 1802 1488 1816 ‚
1504 1786 1609 1820 eoque
1623 1773 1733 1818 magis
1745 1771 1778 1808 id
1792 1770 1855 1808 cu-*

399 1836 569 1871 stodiendi
588 1835 708 1870 favore
728 1833 874 1878 Argenti
893 1857 903 1869 ,
928 1828 1017 1874 quod
1037 1828 1206 1862 indultum
1222 1826 1288 1859 hoc
1303 1848 1312 1861 ,
1330 1823 1385 1858 seu
1402 1820 1606 1858 beneficium
1620 1821 1664 1856 ab
1678 1819 1741 1855 hoe
1753 1820 1853 1855 Sacro

399 1879 786 1917 Tribunaliconceffum
801 1878 1028 1926 pleniflimuin
1044 1874 1144 1909 fuerit
1161 1886 1168 1905 :
1184 1871 1399 1906 Commi-iam
1413 1868 1687 1904 consuetudinem
1699 1877 1806 1912 neque
1819 1867 1857 1901 in

401 1931 487 1966 saCto
504 1955 514 1968 ‚
542 1940 650 1975 neque
668 1932 702 1963 in
719 1927 789 1969 iure
806 1923 974 1960 subsistere
990 1937 998 1956 ε
1029 1933 1098 1956 non
1115 1919 1246 1965 probari
1262 1918 1297 1952 in
1317 1917 1401 1953 facio
1416 1916 1550 1952 testibus
1563 1911 1858 1961 fingularibus,qui

401 1978 548 2013 scientiae
562 1975 693 2010 causam
711 1986 777 2009 non
794 1972 935 2007 reddunt
954 1998 962 2013 ,
990 1970 1045 2016 qui
1065 1968 1132 2002 sese
1149 1969 1187 2001 ad
1208 1967 1313 2001 libros
1327 1965 1528 2009 capitulares
1543 1962 1689 1998 referunt
1701 1971 1786 1999 ,nec
1800 1968 1857 1994 ta·-

402 2037 478 2061 men
493 2025 579 2058 aetus
593 2031 850 2069 proponuntur:
879 2031 942 2053 non
960 2015 1134 2051 monstrari
1149 2011 1336 2059 specificam
1350 2013 1437 2046 hanc
1449 2007 1645 2054 praetensam
1667 2005 1856 2044 consuetu-

404 2073 517 2107 dinem
531 2096 540 2109 ,
564 2082 632 2105 non
652 2069 828 2104 monstrari
848 2063 1028 2100 necessario
1046 2061 1223 2108 praeii'num
1240 2058 1337 2094 fuiffe
1364 2058 1567 2094 servitium,
1590 2056 1670 2104 quia
1694 2065 1769 2089 cuni
1794 2064 1858 2098 po-

403 2119 531 2155 tuerint
546 2118 597 2152 illi
611 2117 669 2162 qui
685 2115 894 2151 vacationem
908 2113 1129 2148 obtinuerant
1143 2134 1153 2148 ,
1185 2106 1361 2142 servitium
1375 2103 1568 2140 voluntario
1590 2101 1739 2149 praestare
1752 2126 1762 2140 ‚
1787 2111 1856 2134 non

404 2169 446 2201 ob
466 2166 498 2201 id
512 2191 522 2204 ,
536 2166 622 2210 quod
637 2165 801 2208 probetur
814 2173 853 2196 ex
874 2160 976 2195 libris
989 2157 1166 2193 servitium
1178 2153 1359 2202 praestitum
1373 2153 1414 2186 ab
1429 2152 1467 2187 iis
1482 2149 1575 2186 fuisse
1588 2173 1598 2187 ,
1621 2148 1785 2184 continuo
1801 2147 1856 2182 se-

406 2216 524 2259 quitur
541 2213 703 2246 inductam
717 2209 779 2244 effe
791 2207 1067 2244 consuetudinem
1081 2231 1090 2243 ‚
1118 2203 1176 2238 nisi
1188 2200 1352 2246 probetur
1365 2197 1545 2235 necessario
1559 2196 1737 2244 praestitum
1749 2196 1790 2229 ab
1803 2194 1856 2229 il-

406 2261 448 2294 lis
466 2258 558 2293 fuisse
575 2257 772 2291 servitium:
799 2256 831 2289 in
848 2257 922 2296 jure
937 2265 1015 2288 vero
1030 2264 1099 2286 non
1112 2248 1282 2286 subsistere
1300 2248 1387 2283 hane
1401 2245 1676 2281 consuetudinem
1696 2268 1708 2280 2
1726 2237 1856 2276 etiamst

404 2307 630 2354 probaretur,
668 2314 744 2348 quia
773 2313 826 2337 res
854 2301 899 2334 est
919 2301 957 2333 de
978 2298 1139 2334 beneficio
1168 2325 1176 2339 ‚
1201 2297 1231 2330 &
1256 2292 1439 2340 privilegio
1461 2303 1528 2328 non
1552 2287 1759 2326 universitati
1783 2314 1793 2327 ,
1822 2288 1855 2321 ὅ(

407 2354 542 2396 corpori
558 2379 566 2392 ‚
591 2351 644 2386 sed
667 2350 804 2395 singulis
828 2346 977 2382 concesso
997 2373 1006 2386 ,
1034 2347 1174 2391 ideoque
1197 2340 1355 2388 quidquid
1377 2339 1436 2375 alii
1462 2338 1693 2382 permiserint,
1714 2335 1771 2382 qui
1787 2344 1853 2368 non

405 2400 601 2436 restiterunt
626 2425 636 2438 ,
661 2399 691 2433 ὅτ
719 2407 834 2431 eorum
859 2393 989 2428 iiientio
1013 2393 1132 2427 factum
1160 2390 1224 2426 suit
1247 2415 1256 2427 ,
1282 2396 1319 2423 ut
1340 2399 1380 2422 ex
1408 2387 1562 2431 repetitis
1586 2384 1712 2420 actibus
1735 2380 1852 2416 effice·

405 2456 499 2483 retur
523 2444 727 2482 consuetudo
748 2469 759 2482 ‚
786 2442 917 2477 nullum
939 2451 1049 2475 tamen
1072 2439 1315 2474 detrimentum
1336 2433 1458 2469 inferre
1484 2439 1665 2476 potuerunt
1680 2425 1851 2465 Successo-

405 2494 499 2528 ribus
529 2521 538 2534 ‚
570 2492 628 2539 qui
656 2491 727 2534 jure
755 2490 914 2534 proprio,
937 2489 968 2523 ὅ(
997 2499 1037 2522 ex
1062 2483 1222 2532 personali
1248 2482 1369 2517 merito
1388 2479 1586 2515 beneficium
1607 2476 1854 2513 obtinuerunt:

405 2542 547 2585 denique
575 2538 848 2575 consuetudinem
880 2535 964 2570 hanc
991 2533 1210 2577 spernendam
1243 2528 1306 2564 effe
1333 2528 1384 2563 uti
1413 2526 1621 2574 legi,i·ati0ni
1644 2551 1654 2564 ,
1688 2523 1719 2556 δι
1750 2521 1855 2566 „cqui-

404 2587 467 2620 iati
504 2587 709 2621 contrariam
732 2609 743 2624 ,
777 2583 866 2629 quod
907 2581 1081 2617 refflffime
1115 2579 1251 2624 urgebat
1281 2575 1566 2611 Eminentiiiimus
1601 2569 1856 2615 Archipresby-

403 2642 454 2667 ter
478 2655 488 2665 .

356 2680 467 2716 Addit
486 2678 622 2713 demum
636 2678 801 2713 Nicolaus
813 2703 822 2716 ‚
848 2689 887 2711 eo
901 2676 1001 2710 etiarn
1016 2673 1093 2709 casti
1110 2701 1118 2713 ‚
1140 2683 1206 2719 quo
1218 2672 1416 2715 probaretur
1438 2665 1637 2704 consuetudo
1649 2690 1658 2703 ‚
1679 2674 1783 2709 eaque
1804 2662 1855 2704 ju-

403 2739 437 2761 re
459 2724 644 2761 subsisteret
660 2749 670 2757 ,
686 2726 694 2757 i
711 2723 935 2768 nduigendam
964 2733 1074 2756 raineri
1098 2721 1161 2756 eise
1187 2720 1227 2753 ab
1242 2715 1513 2754 Eminentisiimis
1532 2712 1688 2748 Patribus
1702 2710 1855 2757 gratiam

1685 2767 1807 2794 exem-
