1978 3017
365 137 416 207 {oi
434 167 571 215 singulis
584 169 619 203 al
641 169 760 213 Signor
777 168 902 202 Priore
916 191 926 204 ‚
959 169 1115 202 canonici
1139 163 1175 204 dl
1189 165 1291 212 Maffa
1308 191 1318 205 ‚
1349 179 1367 201 e
1397 169 1566 203 canonico
1583 169 1754 219 ⁴woffo-flore
1777 169 1833 203 del

365 219 574 253 canonicato
590 216 697 251 Merli
709 240 720 253 ‚
748 212 895 260 ideoque
911 223 978 247 non
991 212 1032 246 ad
1047 213 1258 262 Capitulum
1274 237 1284 251 ,
1310 212 1371 248 sed
1387 212 1431 249 ad
1450 222 1560 251 certas
1586 213 1662 250 illas
1675 214 1837 261 personas

364 265 510 311 speetare
523 263 641 296 debeat
658 287 669 301 ,
697 269 735 298 ut
748 261 885 298 tradunt
901 260 1009 295 Felin.
1024 263 1059 296 in
1079 269 1155 307 cap.
1168 273 1241 296 cum
1260 273 1374 296 omnes
1390 272 1483 297 num.
1497 270 1554 306 29.
1570 263 1659 304 verfi
1679 266 1713 298 in
1735 262 1840 298 dubio

364 313 402 347 de
417 311 550 347 conslz't.
565 308 690 344 Abbas
708 309 793 352 cons.
807 313 863 355 76.
877 319 966 343 num.
991 319 1018 341 Ι.
1034 307 1099 343 lib.
1115 316 1146 343 2.
1162 306 1376 344 Lambertin.
1403 308 1442 344 de
1464 306 1533 352 jur·
1544 315 1688 355 patron.
1710 321 1790 355 par·
1805 322 1837 346 2.

364 358 430 396 lib.
444 367 474 390 2.
495 355 607 403 quaesl.
627 365 657 391 2.
672 358 776 391 artic.
789 356 821 390 8.
835 369 868 391 n.
885 363 943 403 75·
960 357 1119 390 cratian.
1136 354 1414 401 discept0forenfi
1430 362 1506 401 cap.
1520 363 1598 390 211.
1615 365 1748 395 numxy.
1761 356 1843 390 Ob-

364 405 449 441 stare
459 405 558 439 novis
577 400 768 440 Canonicis
785 400 1126 438 conditionemillam
1142 428 1151 443 ,
1176 413 1245 449 qua
1262 403 1391 448 recepti
1406 399 1568 443 fuerunt,
1585 402 1646 437 che
1658 415 1721 438 non
1732 402 1842 449 poffia·

366 453 625 498 nopretendere
641 451 715 493 cosa
738 451 860 485 alcuna
880 450 964 487 dell’
979 459 1118 485 entrata
1141 450 1233 485 della
1252 450 1352 493 massa
1375 455 1414 484 Ca
1441 450 1590 487 itolare3
1619 449 1766 497 ideoque
1780 474 1790 487 ,
1816 449 1840 486 ss

364 499 623 544 juspatronatus
638 495 817 541 quaefitum
830 496 894 537 iam
910 495 1021 533 fuerat
1033 494 1168 535 Priori,
1193 496 1369 532 veteribus
1430 495 1585 531 anonicis
1599 522 1609 535 ,
1636 497 1668 531 &
1682 496 1842 531 Canoni-

364 545 462 583 catui
476 543 581 581 Merli
597 569 608 582 ‚
635 544 667 578 &
683 542 705 577 fi
719 544 921 581 Pan-enatus
935 543 1062 579 frustus
1074 542 1123 579 est
1145 542 1337 578 nominatio
1353 569 1362 583 ,
1394 543 1425 578 &
1448 542 1662 589 praesentatio
1678 569 1688 582 ,
1714 543 1841 578 conse-

365 603 471 639 quens
487 589 551 628 esse
564 615 574 629 ,
600 598 638 624 ut
653 600 826 637 nequeant
839 592 922 628 novi
938 590 1108 626 Canonici
1122 598 1243 626 contra
1258 591 1374 637 legem
1389 591 1597 634 receptionis
1612 590 1678 625 frui
1689 589 1755 625 hoc
1767 589 1838 625 fru-

366 642 443 678 ἂυ,
467 638 521 685 qui
538 636 728 673 reservatus
745 636 811 673 fuit
827 637 932 675 Priori
950 666 960 679 ,
985 637 1178 674 Canonieis
1191 638 1386 676 veteribus,
1413 638 1445 671 ὃ(
1463 637 1694 672 Canonicatui
1710 637 1839 677 Merli3

365 688 484 734 quue
498 684 642 731 amplius
653 711 663 725 ,
686 687 776 733 quod
790 685 861 723 dici
875 686 969 733 possit
983 685 1216 722 Fundatorem
1232 683 1380 720 divififfe
1397 684 1614 720 Patronatum
1629 685 1717 719 hunc
1728 684 1762 718 in
1773 697 1842 720 vo-

365 745 425 770 tes
440 759 450 773 ‚
477 733 626 777 ideoque
638 743 831 780 repugnare
843 734 1008 771 videatur
1023 732 1098 774 eius
1113 731 1316 774 voluntati,
1337 741 1374 769 ut
1386 731 1521 769 dicatur
1533 731 1745 768 reservatum
1756 731 1840 767 fuis-

367 780 402 815 se
414 778 593 829 Capitulo
607 805 617 820 ‚
643 779 741 822 cuius
756 792 822 816 una
839 794 908 818 vox
920 782 967 817 est
984 808 994 822 ‚
1024 780 1056 815 δι
1069 779 1250 826 singularis
1265 807 1274 815 .

321 827 400 864 Nec
413 837 546 863 mutare
561 851 571 865 2
595 838 670 875 quae
683 838 701 862 a
714 829 817 863 novis
833 828 1020 866 Canonicis
1034 835 1273 873 proponuntur
1290 853 1301 867 ‚
1325 836 1404 862 nam
1419 853 1429 866 ,
1454 825 1547 874 quod
1559 826 1728 862 Fundator
1741 827 1835 862 dixe-

368 875 416 911 rit
430 877 466 911 la
484 877 620 911 nomina
634 874 741 911 debba
760 876 1045 924 effersemprcper
1056 877 1150 912 detto
1165 876 1316 920 Capitolo
1329 897 1340 911 ‚
1361 885 1431 908 non
1444 873 1624 909 excludere
1639 874 1834 910 reservatio,

366 933 448 958 nem
466 921 669 958 Patronatus
687 919 808 958 factam
830 924 939 959 certis
955 922 1103 969 personis
1117 921 1167 956 uti
1184 920 1324 968 singulis
1339 947 1349 960 ,
1377 921 1567 967 praesertim
1583 947 1592 961 ,
1619 933 1696 956 cum
1713 922 1839 962 adjecta

369 970 468 1006 abeo
494 969 597 1004 fuerit
612 968 719 1003 diffie
743 968 889 1006 relativa
912 973 1025 1010 detti,
1049 981 1121 1014 quse
1139 968 1216 1004 satis
1232 968 1386 1014 explicat
1409 980 1486 1003 eum
1507 979 1575 1003 non
1588 966 1749 1014 accepisse
1775 980 1839 1004 vo-

368 1027 446 1050 cem
466 1018 615 1062 capitolo
631 1016 664 1049 in
683 1016 841 1051 universa
859 1017 905 1051 sui
920 1015 1172 1062 significatione
1189 1041 1199 1056 ‚
1222 1015 1274 1050 sed
1290 1015 1435 1051 relative
1450 1017 1489 1050 ad
1504 1025 1610 1050 certas
1628 1016 1701 1051 illas
1716 1015 1842 1062 perso-

371 1073 433 1097 nas
453 1088 463 1101 ,
490 1072 575 1108 quas
598 1061 845 1097 antecedenter
868 1062 1130 1110 designaverat:
1155 1063 1224 1107 pari
1242 1065 1371 1098 ratione
1385 1062 1472 1097 nihil
1490 1061 1621 1103 obesse,
1646 1061 1841 1110 quod'idem

371 1108 550 1144 Fundator
563 1108 666 1144 certis
683 1107 754 1144 illis
773 1136 783 1150 ‚
811 1110 842 1145 &
858 1109 1044 1157 designatis
1060 1108 1205 1155 personis
1219 1109 1346 1144 dederit
1375 1111 1511 1144 modum
1526 1109 1771 1145 nominationis
1785 1111 1839 1146 fa-

368 1155 502 1191 ciendae
520 1157 810 1203 capitolarmente
828 1183 838 1196 ‚
886 1158 940 1192 uia
956 1157 992 1193 id
1010 1158 1131 1192 factum
1146 1156 1272 1191 dicitur
1285 1184 1294 1196 ‚
1322 1169 1390 1194 non
1405 1157 1485 1204 quia
1500 1169 1616 1192 omnes
1629 1157 1672 1192 de
1687 1156 1840 1201 Capitu-

370 1202 405 1238 10
419 1203 474 1244 Jus
490 1202 614 1237 habere
631 1203 776 1239 debeant
791 1231 801 1243 ,
831 1171 884 1239 seg
901 1231 910 1244 ‚
940 1205 988 1239 uti
1008 1204 1085 1243 illi,
1108 1205 1165 1249 qui
1180 1204 1258 1250 Jure
1270 1203 1430 1255 singulari
1445 1203 1618 1239 nominare
1632 1205 1753 1239 debent
1767 1229 1778 1243 ,
1802 1205 1838 1241 iu

369 1261 478 1285 unum
507 1259 631 1286 coeant
647 1275 656 1288 ‚
687 1251 717 1286 δι
748 1252 961 1287 commodius
987 1251 1047 1287 fiat
1070 1251 1258 1286 nominatio
1271 1279 1281 1291 ,
1310 1260 1348 1287 ut
1371 1251 1542 1297 explicant
1572 1252 1778 1288 Lambertin.
1800 1254 1842 1289 de

370 1299 604 1346 {Jurfpatrom
619 1298 683 1334 lib.
711 1308 747 1333 2.
762 1312 843 1346 par.
858 1310 888 1335 2.
911 1299 1019 1346 quast.
1046 1310 1075 1335 2.
1098 1303 1238 1334 artam.
1257 1312 1345 1335 num.
1365 1311 1415 1334 10.
1430 1300 1632 1334 Valeaznel.
1655 1299 1740 1342 conf·
1766 1299 1841 1346 167.

371 1357 451 1381 num
486 1354 536 1391 ¹7,
554 1349 672 1381 Piton.
691 1348 730 1382 de
745 1357 902 1383 controv.
913 1356 1050 1393 patron.
1075 1347 1177 1393 alleg.
1203 1357 1278 1382 100.
1291 1359 1377 1382 num.
1403 1354 1475 1391 137>
1494 1347 1616 1392 &seq
1635 1346 1758 1392 Neque
1776 1347 1840 1381 de-

370 1403 466 1426 mum
483 1391 625 1426 officere
639 1419 647 1431 ,
678 1392 774 1438 quod
790 1394 959 1428 fundator
985 1393 1204 1444 Pati-nuatum
1233 1392 1457 1429 reservaverit
1487 1392 1607 1428 favore
1629 1392 1731 1427 etiam
1757 1394 1840 1430 novi

371 1439 547 1473 canonici
569 1464 574 1472 .
603 1439 660 1484 qui
678 1451 758 1474 tunc
774 1439 860 1476 solus
877 1450 952 1476 erat
968 1469 976 1481 ,
1010 1441 1117 1477 Merli
1133 1468 1143 1482 ,
1166 1441 1243 1487 quia
1259 1467 1268 1480 ,
1292 1440 1313 1475 fi
1328 1440 1398 1485 ipse
1412 1451 1528 1475 omnes
1542 1439 1670 1475 futuros
1683 1440 1841 1476 Canoni-

370 1497 431 1521 cos
452 1485 639 1520 admittere
661 1486 819 1522 voluiffit
833 1515 842 1527 ‚
871 1487 1097 1524 patronatum
1108 1487 1298 1524 reservasset
1315 1487 1429 1523 favore
1440 1486 1593 1533 Capituli
1612 1514 1622 1528 ,
1645 1498 1703 1522 aut
1720 1488 1842 1523 Cano-

364 1540 533 1567 ‘ntcoruin
554 1532 711 1569 Ecclefix
727 1534 759 1569 S.
781 1534 919 1570 Nicolai
936 1562 945 1575 ,
971 1548 1037 1572 non
1056 1548 1140 1570 vero
1156 1546 1324 1571 certarum
1341 1536 1579 1579 personarumi
1605 1534 1842 1581 itautexpres-

373 1579 420 1614 sio
434 1580 513 1614 novi
539 1579 708 1616 Canonici
723 1592 789 1615 non
807 1583 904 1628 potiit
930 1583 1119 1628 praeseferre
1135 1593 1262 1618 certam
1277 1582 1504 1625 conjecturam
1529 1580 1721 1617 voluntatis
1751 1585 1841 1618 Fun-

371 1627 470 1663 daxor
486 1640 499 1662 s
516 1630 661 1663 vocandi
677 1640 733 1664 eos
746 1638 850 1663 etiam
869 1657 877 1668 ‚
903 1642 989 1675 quos
1010 1639 1089 1665 icire
1103 1640 1171 1664 non
1185 1637 1320 1674 poterat
1332 1656 1342 1669 ,
1370 1640 1413 1663 an
1429 1640 1575 1676 unquam
1591 1626 1696 1663 essent
1720 1629 1843 1672 adjun-

370 1679 473 1718 gendi
503 1699 513 1709 .
537 1675 620 1711 dxc
639 1687 770 1712 veteres
785 1675 961 1712 Canonici
977 1699 986 1709 .
1013 1677 1169 1714 Dubium
1185 1676 1254 1712 est.

322 1721 384 1756 ’.Δη
398 1727 417 1765 J
430 1729 462 1756 ,ὑ
479 1723 566 1762 rcjol
582 1727 687 1759 :tione
701 1733 803 1770 capta
815 1726 870 1760 die
891 1735 923 1758 ι.
937 1728 1065 1760 Martii
1087 1734 1188 1770 1749.
1204 1725 1505 1767 comprehendatur
1525 1726 1629 1761 etiam
1654 1727 1841 1761 eanonica-

360 1777 427 1803 ’τω
449 1772 613 1803 ‘Parrctti
627 1773 720 1805 modo
740 1781 895 1808 vacans,
922 1770 1016 1805 itaut
1033 1775 1189 1806 canonici
1208 1771 1376 1816 Adjunbii
1398 1772 1522 1808 habere
1549 1772 1690 1808 debeant
1720 1784 1840 1809 vocem

371 1816 525 1849 ac‘livam
545 1818 578 1849 in
596 1818 826 1851 nominatione
838 1841 849 1854 ,
873 1820 913 1852 Εἴ)
925 1818 1189 1862 praesentatione
1199 1818 1360 1860 facienda
1377 1820 1420 1852 ad
1432 1820 1555 1855 duflum
1577 1821 1812 1858 canonicatum
1827 1843 1840 1859 ‚

365 1864 426 1905 seu
438 1864 560 1907 potins
574 1863 837 1910 illaprivative
845 1862 978 1909 spec‘Jet
989 1867 1032 1899 ad
1047 1869 1204 1901 Priorem
1217 1890 1226 1904 ‚
1256 1870 1432 1900 Canonzcos
1448 1868 1664 1915 antiquiores
1679 1868 1718 1902 de
1733 1866 1839 1915 Maffae

367 1918 581 1956 nuncupatos
595 1935 606 1951 ‚
624 1909 832 1958 poffefforem
850 1913 1073 1948 canonicatus
1099 1912 1207 1950 Merli
1221 1913 1254 1949 in
1269 1913 1345 1958 casu
1361 1917 1436 1951 &c-

415 2003 638 2045 Affirmative
651 2007 696 2044 ad
711 2008 881 2057 primam,
907 2010 939 2047 δι
965 2012 1127 2061 negative
1144 2012 1184 2050 ad
1199 2011 1378 2050 secundam
1393 2039 1405 2054 ,
1428 2012 1460 2049 &
1477 2010 1622 2059 amplius
1634 2035 1644 2047 .

39 2108 127 2151 sess,
141 2116 198 2144 22.
215 2120 244 2145 c,
257 2107 289 2145 8,
415 2100 780 2154 ARCHINONEN.
810 2105 1194 2145 CAPPELLANJAE:
1220 2107 1500 2144 ”testamentariis
1513 2133 1523 2147 ,
1542 2117 1624 2153 quas
1637 2108 1832 2154 annot6713

13 2156 52 2192 de
70 2157 142 2203 Res·
420 2151 594 2203 eondid1t3
622 2153 746 2188 tabulis
765 2154 939 2192 Antonius
953 2157 993 2190 de
1007 2155 1158 2202 Ferrany
1175 2155 1324 2194 Voltor‚
1352 2156 1478 2201 scripto
1491 2155 1620 2190 haerede
1646 2150 1833 2203 univer-sall

364 2195 526 2247 Philippo
543 2197 618 2234 filio
633 2199 870 2246 primogenito
884 2228 894 2241 ,
918 2203 1020 2250 eique
1034 2204 1316 2250 quandocumque
1330 2203 1509 2238 decedenti
1523 2199 1704 2237 substitutis
1721 2198 1806 2249 filiis·
1821 2220 1833 2235 a

364 2242 396 2276 &
415 2243 699 2280 descendentibus
710 2247 867 2282 masculis
879 2250 1028 2296 primum
1045 2277 1053 2289 ,
1075 2251 1152 2286 inde
1162 2251 1309 2286 foemims
1325 2253 1358 2285 in
1371 2248 1542 2286 infinitum
1558 2275 1567 2288 ,
1581 2248 1698 2294 hisque
1711 2255 1830 2282 omm-

362 2287 701 2343 busdeficientibus,
725 2294 914 2330 substitutis
928 2297 1013 2332 filiis
1030 2298 1095 2332 suis
1119 2298 1266 2333 secundo
1284 2324 1294 2337 ,
1315 2298 1346 2331 &
1372 2296 1598 2343 tertiogenitis
1613 2322 1623 2335 ,
1648 2303 1830 2337 eorumque

358 2345 493 2380 pariter
508 2335 591 2374 filiis
606 2365 617 2380 ,
644 2340 675 2375 δι
691 2340 985 2378 descendentibus
1000 2370 1009 2384 ‚
1034 2343 1104 2390 post
1121 2345 1276 2379 omnium
1288 2343 1452 2379 defectum
1466 2370 1475 2383 ‚
1503 2342 1649 2378 instituit
1662 2344 1744 2387 suos
1761 2340 1831 2373 hae-

352 2390 459 2419 'redes
478 2388 719 2429 universales,
746 2389 851 2423 verba
865 2388 942 2425 sunt
957 2390 1150 2427 testamenti
1167 2418 1187 2431 ‚,
1221 2392 1550 2427 DominumDeum
1567 2415 1576 2428 ,
1606 2390 1636 2424 &
1665 2387 1828 2423 Animam

359 2453 384 2469 ι,
412 2443 543 2472 meam,
565 2434 686 2469 volens
699 2435 790 2480 quod
803 2436 916 2473 omnia
931 2436 1023 2474 Bona
1040 2450 1113 2474 mea
1127 2439 1163 2473 in
1176 2438 1266 2474 dieto
1280 2438 1355 2474 casu
1370 2450 1428 2485 per
1443 2448 1531 2473 meos
1548 2433 1804 2472 ManumlfforCS
1817 2454 1830 2469 ‚

358 2497 384 2516 s,
410 2480 488 2530 idest
505 2486 738 2528 exeqzimores
756 2483 893 2523 Testtzmt.
902 2489 1035 2521 marios
1047 2495 1127 2520 cum
1142 2486 1306 2521 beneficio
1322 2485 1505 2520 inventarii
1517 2484 1803 2530 apprehendantur
1816 2503 1827 2518 ³

360 2545 383 2563 a,
412 2524 443 2558 &
460 2525 546 2576 dia,
569 2540 643 2573 quae
666 2529 701 2563 in
715 2530 931 2572 redditibus,
958 2532 1015 2567 vel
1034 2532 1182 2577 pecunia
1204 2532 1409 2568 numerabili
1436 2544 1502 2567 non
1528 2530 1764 2567 consisterent,
1791 2536 1828 2559 ¹¹1

358 2593 383 2609 ο,
410 2572 545 2623 publico
562 2582 709 2612 encantu
724 2580 920 2614 vendantur
933 2605 943 2618 ‚
969 2581 999 2614 &
1017 2580 1114 2615 illius
1128 2578 1356 2625 processurum
1373 2591 1439 2615 una
1453 2591 1529 2614 cum
1545 2576 1730 2614 redditibus
1744 2584 1827 2607 meae

356 2639 381 2659 ‚,
408 2615 619 2667 haereditatis
632 2631 854 2658 convertatur
872 2627 906 2659 in
926 2622 1159 2662 Dotationem
1175 2636 1229 2662 tot
1247 2626 1423 2662 Miffarum
1439 2653 1449 2666 ,
1477 2622 1800 2662 Anniversariorum
1815 2644 1827 2658 2

355 2686 381 2704 ³,
405 2664 438 2698 &
454 2664 600 2700 aliorum
617 2668 755 2705 Piorum
771 2669 1015 2718 suffragiorum
1032 2700 1043 2714 ,
1071 2682 1154 2719 quot
1169 2674 1235 2709 dici
1251 2699 1261 2712 ‚
1288 2675 1318 2709 δι
1335 2673 1502 2710 celebrari
1518 2669 1688 2718 potuerint
1704 2679 1762 2715 pro
1775 2667 1828 2701 sa-

353 2735 380 2752 „
410 2709 479 2745 lute
493 2735 503 2749 ‚
528 2713 558 2746 &
575 2717 692 2761 requie
706 2717 915 2754 Animarum
927 2731 1010 2756 meae
1024 2747 1034 2759 ,
1060 2721 1091 2755 &
1106 2721 1201 2756 dicta:
1216 2722 1363 2757 dominae
1379 2720 1504 2755 Uxoris
1516 2730 1596 2753 mex
1616 2743 1626 2756 ,
1645 2718 1828 2753 Parentum

351 2783 379 2799 ω
405 2768 558 2798 {nemum
571 2783 582 2799 2
607 2772 647 2799 ὃς
662 2761 835 2807 alierum,
862 2776 928 2813 pro
945 2768 1072 2814 quilius
1082 2776 1205 2805 teneor
1218 2793 1231 2810 ,
1257 2768 1294 2806 in
1312 2766 1470 2805 Ecclefiis
1483 2766 1576 2803 dictis
1592 2758 1829 2844 Manungiffo-

1640 2836 1666 2853 „
1690 2821 1718 2847 11
1744 2818 1782 2843 us
