1977 3028
90 159 222 202 {fanin
248 153 496 200 obsequentes
521 150 639 198 itaque
661 158 780 188 eornm
795 147 946 197 imperio
967 159 1045 188 eam
1058 150 1116 188 hic
1127 151 1244 189 damus
1259 177 1270 193 ‚
1300 160 1339 189 ut
1361 151 1507 200 repetita
1524 115 1581 190 1ξί

88 202 202 239 &ione
226 205 402 239 Foliorum
418 199 494 235 diei
513 209 570 236 20.
595 199 712 243 mensis
726 201 833 244 “Junii
857 212 944 237 anno
971 210 1097 247 1750.,
1123 212 1193 247 quo
1217 202 1363 246 primum
1388 203 1466 236 data
1490 201 1581 242 fuit,

94 251 214 332 gediei
244 261 294 294 ¹9·
311 247 500 296 superiorls
525 246 643 290 mensis
668 248 799 292 ‘Junih
823 244 915 289 lv„
941 259 1013 294 quae
1040 247 1265 293 disputantur
1282 276 1292 289 ,
1328 249 1448 286 Dubia
1471 261 1582 297 expe-

124 306 201 332 tant
220 325 229 335 .
598 328 601 330 .

54 346 83 383 1.
110 350 168 383 An
184 345 231 391 sit
247 345 406 388 standum
428 370 439 384 ,
458 344 523 380 vel
548 344 769 380 recedendum
785 354 806 379 a
830 341 946 386 decisis
969 343 1081 390 quoad
1095 346 1124 376 I.
1135 346 1177 378 II,
1192 367 1202 383 ‚
1228 347 1272 380 Θ·
1287 348 1346 381 ΙΙΙ,
1371 345 1522 383 Dubittm
1543 346 1581 383 in

243 407 283 430 ca
301 405 322 427 ιι
347 396 426 429 &a
1372 397 1376 403 ·

61 435 97 475 Π
121 447 182 479 An
197 395 377 478 'Paroschus
397 438 544 482 Ecclesiae
561 446 594 477 S.
609 441 715 477 Petri
726 439 770 474 ad
793 439 972 482 scafarum
980 437 1078 486 poffit
1100 441 1153 474 uti
1164 436 1349 482 Insignibus
1372 442 1581 488 Episcopali-

250 490 341 528 hus,
364 489 536 534 Populum
551 497 619 537 per
641 489 792 525 eamdem
819 485 996 529 Ecclesiam
1015 512 1026 526 ‚
1047 490 1092 525 ψ
1124 491 1262 521 Terram
1286 485 1483 525 benedicere
1498 515 1509 528 ,
1533 493 1580 526 <sev

252 537 422 572 :thronum
434 537 468 571 in
483 537 575 572 ditia
592 535 740 578 Ecclesia
760 537 915 572 retinere
933 538 968 570 in
983 534 1061 577 casu
1076 537 1154 571 &a

61 584 129 622 ΙΙΙ.
152 588 213 622 ..dn
239 586 329 621 idem
353 584 533 620 Parochus
551 583 650 630 poffit
665 581 886 629 Confieffarios
908 581 1098 629 approhare
1126 607 1137 622 ,
1158 583 1334 618 licentiam
1360 584 1580 619 concionandi

249 632 432 670 concedere
447 657 458 671 ‚
480 634 525 669 Θ·
544 632 779 678 indulgentias
797 630 981 678 publicare
997 655 1007 670 ,
1021 629 1097 672 five
1103 634 1227 677 potius
1242 632 1408 677 prccdilla
1425 633 1579 679 JPecJent

252 683 297 718 ad
310 682 509 727 Episcopum
525 679 705 715 ‘Nolanum
720 681 755 715 in
774 679 850 723 casu
864 682 943 715 &a
1151 686 1156 691 ’

62 726 129 764 JV·
156 734 216 767 An
241 730 331 766 idem
354 726 534 762 Parochus
551 727 647 773 poffit
658 729 842 763 concedere
868 727 998 761 literas
1023 723 1263 770 dimissoriales
1278 751 1288 765 ,
1306 724 1382 767 five
1399 729 1523 774 potius
1536 726 1580 762 ab

249 775 411 824 Episcopo
435 774 581 811 ‘Nolano
606 783 789 813 teneantur
818 774 999 811 scholares
1026 774 1122 808 diciae
1145 779 1254 809 Terrae
1271 775 1389 822 prima
1420 776 1580 810 clericali

250 823 401 867 Tonsura
414 823 580 861 initiari,
605 827 649 861 Θ*
668 825 816 859 clericos
842 832 914 858 cam
929 822 972 855 ad
987 822 1136 856 minores
1150 846 1161 861 .
1185 834 1287 869 quam
1308 823 1351 854 ad
1378 828 1498 858 Sacros
1512 829 1580 859 Or-

208 873 215 880 '
251 873 563 918 dincspromoveri
583 872 620 906 in
633 872 710 915 cafix
732 875 810 908 &c.

155 967 284 1004 Dilata
297 991 311 1006 ,
333 965 367 1001 &
379 963 440 1001 fiat
455 965 623 1002 extraaio
636 967 925 1002 documentorum
941 989 951 1004 ,
977 963 1084 999 citata
1100 964 1200 1000 Parte
1211 988 1223 1000 .

150 1060 402 1098 OVIANEN.
417 1084 427 1094 .
452 1060 541 1097 SEU
554 1060 775 1099 SEPINEN.
789 1057 1184 1097 RESTITUTIONIS
1201 1058 1254 1094 IN
1276 1058 1550 1096 INTEGRUM
1565 1072 1578 1094 ε

160 1110 352 1157 Respondit
366 1110 505 1145 Sacrum
520 1107 695 1145 Tribunal
711 1110 748 1144 in
770 1110 833 1146 hac
847 1108 960 1144 Causa
972 1134 982 1148 ‚
1007 1117 1080 1154 qua:
1095 1105 1260 1151 proposita
1273 1107 1340 1142 fuit
1369 1110 1404 1152 in
1428 1115 1576 1155 Congre-

100 1162 248 1207 gae‘tione
263 1158 384 1194 habita
398 1159 454 1193 die
471 1168 525 1193 ιο.
539 1157 641 1203 hujus
665 1157 782 1201 mensis
796 1184 807 1197 ‚
835 1157 960 1192 Dubio
975 1183 984 1195 ,
1009 1154 1104 1201 quod
1121 1163 1194 1188 erat
1209 1173 1242 1180 --
1258 1162 1319 1192 ¹An
1340 1156 1384 1199 fit
1409 1158 1504 1192 locus
1520 1168 1578 1190 re—

97 1206 280 1249 stitutioni
293 1208 327 1241 in
349 1208 521 1251 integrum
539 1207 573 1241 in
586 1206 664 1249 casu
679 1210 757 1241 &a
769 1223 808 1231 --
835 1203 1013 1250 respondit
1030 1202 1170 1247 inquam
1189 1221 1220 1229 —-
1235 1205 1461 1250 Affirmarive
1474 1221 1506 1232 ι·-
1521 1201 1579 1239 Ad

105 1263 238 1290 novum
257 1252 349 1288 redit
363 1251 536 1295 judicium
549 1253 622 1289 haec
637 1250 795 1287 definitio
807 1277 818 1292 ‚
841 1252 874 1286 &
889 1251 1160 1299 respondendum
1173 1250 1222 1286 cst
1237 1277 1246 1287 .

57 1300 334 1348 {Infitslandum
347 1325 359 1341 ‚
380 1301 440 1337 vel
455 1302 678 1339 recedendum
693 1312 714 1334 a
737 1299 854 1344 decisis
867 1302 904 1336 in
927 1301 1003 1346 casu
1018 1303 1093 1337 ε’φε.

152 1394 194 1432 In
205 1393 324 1433 decifis
336 1421 348 1436 ,
373 1395 407 1432 ὅτ
421 1396 569 1444 amplius
583 1419 596 1431 .

122 1489 401 1528 POLETANA
422 1490 804 1531 CENSURARUM,
828 1490 891 1526 ET
917 1488 1392 1527 IRREGULARITATIS
1418 1505 1427 1525 ε
1460 1490 1579 1527 Tutu-

136 1550 255 1574 ranum
269 1565 281 1580 ,
304 1538 373 1574 five
387 1539 584 1576 Tudianutn
605 1539 781 1585 Oppidum
802 1538 848 1574 est
875 1539 1065 1586 Spoletanae
1092 1538 1292 1575 Dioeceseos
1313 1540 1348 1574 in
1379 1539 1578 1576 Praefeouia

100 1585 234 1624 Nurfiae
247 1612 258 1622 .
282 1585 373 1623 Duae
390 1588 426 1624 in
439 1587 506 1622 illo
521 1586 659 1634 Oppido
673 1586 901 1624 vetustiffimae
917 1586 994 1622 sunt
1008 1586 1161 1622 Ecclefiae
1177 1612 1188 1625 ,
1213 1587 1320 1623 altera
1344 1597 1442 1624 extra
1464 1587 1580 1634 Oppi-

99 1635 180 1672 dum
195 1643 389 1680 nuncupata
408 1636 536 1671 sanczae
550 1637 672 1671 Μανία
695 1636 786 1672 delle
807 1637 940 1680 Cascine
955 1660 965 1675 ,
988 1646 1060 1680 quae
1080 1634 1228 1670 Plebana
1241 1645 1313 1669 erat
1331 1663 1340 1675 ‚
1371 1637 1401 1671 δι
1417 1648 1435 1671 a
1456 1636 1581 1671 Mona-

99 1680 174 1718 eriis
192 1681 354 1718 Abbatiae
364 1682 476 1719 saneti
491 1681 617 1718 Eutitii
631 1681 851 1718 detinebatur
866 1709 876 1722 ‚
897 1682 956 1728 qui
971 1681 1008 1716 in
1020 1693 1058 1717 ea
1071 1693 1186 1718 curam
1207 1683 1420 1719 Animarum·
1433 1682 1582 1718 admini-

101 1729 254 1766 strabam
265 1755 277 1770 ,
303 1741 445 1777 quaeque
457 1755 470 1769 ,
495 1729 572 1765 inde
585 1729 687 1776 pulfis
703 1729 887 1766 Monachis
903 1755 914 1768 ,
939 1729 983 1764 ad
995 1730 1150 1765 Abbates
1166 1730 1492 1767 commendatarios
1505 1742 1583 1776 per-

102 1777 215 1814 tinuit
226 1803 238 1818 ,
263 1787 303 1813 ut
315 1788 407 1813 nunc
420 1777 600 1825 pertinet;
625 1778 752 1813 Altera
765 1790 848 1813 vero
863 1778 955 1813 intra
970 1777 1141 1824 Oppidum
1154 1778 1310 1814 dedicata
1326 1779 1423 1816 Divo
1439 1778 1582 1814 Bartho-

103 1825 228 1862 lomaeo
240 1851 251 1866 ,
277 1825 375 1868 cujus
389 1824 572 1861 Rectorem
586 1825 735 1871 eligendi
751 1827 808 1866 Jus
825 1826 926 1861 habet
940 1825 1089 1870 Populus
1110 1851 1120 1864 ,
1145 1827 1177 1861 &
1197 1826 1410 1861 Univerfitas
1425 1826 1580 1871 Oppidi,

100 1872 160 1910 cui
173 1871 368 1909 concessum
382 1872 451 1908 fuit
464 1882 557 1907 anno
578 1882 677 1916 1515.
693 1884 712 1907 a
733 1872 900 1918 Capitulo
916 1871 1065 1906 Basilicae
1080 1872 1318 1908 Lateranenfis
1334 1900 1342 1912 ‚
1367 1874 1456 1918 quod
1471 1874 1506 1907 in
1518 1874 1580 1916 suo

94 1921 171 1967 solo
194 1920 382 1956 constructa
406 1918 554 1954 fuisseta
579 1919 738 1965 Populo,
765 1922 795 1954 δι
814 1919 956 1954 dotata.
985 1918 1195 1955 Exercitium
1216 1931 1304 1955 curae
1334 1921 1523 1955 animarum
1538 1922 1580 1956 ab

1618 159 1702 202 Sess.
1715 167 1838 202 2409.
1855 161 1895 195 dc

1619 207 1778 252 Refiscss.
1797 217 1853 252 25¹.
1868 222 1898 244 c.

1621 257 1715 294 tude
1730 257 1848 303 Regni.

1642 1067 1728 1111 Sess.
1740 1078 1754 1098 2
1764 1079 1795 1110 ς.
1806 1082 1833 1108 c.
1843 1079 1894 1115 ¹9·

1617 1117 1656 1170 cle
1670 1118 1790 1163 Regul-

1643 1493 1731 1536 Sess·
1742 1501 1797 1539 24.
1811 1496 1890 1530 ωδ.

1620 1541 1658 1577 de
1668 1541 1738 1585 Rcfi
1751 1542 1895 1586 Sess.25i

1620 1595 1696 1634 cap.
1710 1592 1795 1628 μῦ»
1812 1599 1844 1631 9.
1855 1591 1895 1625 de

1622 1637 1692 1683 «ιβ

102 1966 254 2004 Ecclesia
275 1967 402 2003 Sanetae
418 1966 546 2003 Mariae
575 1967 615 2002 ad
642 1967 785 2002 alteram
810 1966 923 2001 Sancti
943 1965 1185 2002 Bartholomaei
1213 1967 1344 2002 dudum
1373 1968 1581 2003 translatum
1641 1983 1643 1985 ·

102 2015 196 2052 suit:
223 2014 324 2052 causa
338 2014 523 2061 ignoratur
540 2027 551 2053 3
574 2014 679 2050 aliam
694 2040 705 2053 ‚
728 2023 829 2061 atque
846 2013 949 2049 aliam
968 2013 1084 2049 Partes
1114 2013 1262 2049 afferunt
1280 2042 1290 2055 ‚
1315 2026 1474 2051 neutram
1490 2027 1581 2062 pro-

102 2063 187 2098 bant
199 2087 208 2098 .
234 2062 324 2098 Illud
340 2061 513 2108 probatur
523 2070 664 2098 centum
677 2062 873 2108 ostuaginta
889 2060 933 2096 ab
956 2061 1036 2097 hinc
1050 2062 1146 2097 annis
1164 2074 1266 2097 unum
1283 2089 1293 2103 ,
1320 2063 1474 2109 idemque
1488 2063 1580 2098 sem-

105 2121 164 2157 per
177 2108 274 2146 fuiffe
287 2107 472 2145 Rectorem
485 2108 643 2146 Ecclefiae
669 2109 783 2145 Sancti
799 2108 1040 2145 Bartholomtei
1053 2137 1063 2149 ‚
1089 2110 1120 2145 &
1137 2109 1326 2146 Flebanum
1349 2112 1479 2145 SanCtae
1495 2111 1580 2144 Ma-

104 2156 165 2192 riae
178 2183 188 2197 ,
211 2168 297 2206 quos
314 2158 407 2192 enim
423 2157 643 2194 Universitas
656 2183 665 2197 ‚
692 2158 724 2193 δι
741 2157 892 2203 Populus
907 2156 1012 2203 elegit
1028 2156 1190 2193 Reoores
1205 2157 1362 2194 Ecclesiae
1375 2158 1485 2193 Sancti
1501 2156 1581 2191 Bar-

105 2205 278 2242 tholomaei
291 2205 546 2241 consueverunt
564 2204 726 2240 Abbates
740 2204 1037 2241 Commendatarii
1068 2206 1178 2241 sancti
1196 2204 1320 2241 Eutitii
1337 2206 1513 2241 instituere
1544 2204 1581 2239 in

106 2251 270 2288 Plebania
283 2279 294 2293 ,
321 2253 353 2288 δι
367 2252 548 2299 Spoletani
565 2252 726 2300 Episcopi
740 2263 794 2287 eos
807 2253 993 2298 approbare
1008 2251 1193 2289 sueverunt
1207 2280 1215 2288 .
1246 2254 1349 2288 Addit
1367 2253 1581 2288 Univerhtas

105 2297 264 2336 restitisse
276 2300 425 2347 semper,
452 2299 476 2336 fi
490 2300 627 2346 quando
644 2300 800 2335 Abbates
813 2300 1106 2336 Commendatarii
1123 2313 1180 2337 eos
1197 2327 1207 2340 ‚
1235 2302 1361 2345 quibus
1385 2300 1581 2336 Plebaniam

106 2346 330 2383 contulerant
343 2373 354 2388 ,
372 2346 549 2385 instituere
563 2347 754 2385 voluerunt
765 2348 799 2383 in
813 2347 989 2383 Beneficio
1005 2374 1016 2388 ‚
1043 2348 1110 2385 ssve
1127 2348 1310 2386 Rectoratu
1326 2347 1481 2384 Ecclesiae
1495 2347 1580 2381 San-

108 2395 155 2429 cti
171 2393 417 2431 Bartholomaei
433 2421 442 2430 .

63 2442 216 2480 Deceflit
231 2453 322 2476 anno
342 2454 440 2490 1749.
455 2443 630 2480 Flebanus
649 2442 743 2478 fimul
758 2470 767 2483 ‚
792 2443 824 2478 &
840 2443 967 2479 Rector
982 2468 992 2480 .
1017 2444 1188 2491 Populus,
1213 2445 1247 2479 8<
1272 2442 1488 2479 Univerfitas
1503 2440 1582 2476 Re-

108 2491 235 2524 ctorem
248 2489 358 2525 Sanffi
375 2488 612 2527 Bai-tholomaei
625 2490 732 2537 elegit
748 2492 973 2526 Sacerdotem
987 2491 1183 2538 Ph'ilippum
1207 2492 1397 2527 Battaleam
1413 2516 1422 2529 ,
1447 2488 1506 2536 qui
1524 2498 1582 2523 ta-

108 2547 190 2572 men
205 2535 380 2572 institutus
399 2548 467 2574 non
486 2538 552 2573 fuit
568 2540 610 2574 ab
625 2538 899 2574 Eminentissimo
915 2538 1073 2574 Domino
1091 2539 1267 2575 Cardinali
1282 2538 1324 2573 de
1339 2537 1426 2573 llcio
1439 2536 1582 2572 Abbate

110 2583 422 2620 Commendatario
437 2585 548 2619 Sancti
577 2585 703 2622 Eutitii
730 2586 765 2620 in
781 2585 974 2621 plebanum
999 2586 1155 2621 Ecclefiae
1175 2587 1299 2622 Sancte
1325 2584 1445 2620 Maria:
1465 2612 1475 2625 ‚
1500 2583 1583 2630 quia

108 2629 181 2671 5am
196 2633 398 2668 concursum
417 2632 586 2667 indixerat
603 2632 788 2680 Episcopus
804 2633 1010 2680 Spoletanus
1025 2659 1033 2668 .
1061 2632 1170 2668 Venit
1189 2633 1229 2667 ad
1246 2633 1447 2669 concursum
1461 2633 1586 2667 Sacer⁶

109 2677 174 2712 dos
197 2677 290 2714 Phili
322 2692 381 2725 pus
399 2679 575 2719 ssaxtalea,
600 2681 650 2716 sed
674 2682 832 2725 probatus
858 2691 926 2714 non
939 2680 1033 2718 fuit;
1059 2682 1118 2727 qui
1143 2689 1258 2716 tamen
1283 2680 1446 2727 probatus
1473 2678 1583 2714 fuerat

111 2724 271 2760 Sacerdos
315 2729 427 2762 arozus
441 2727 594 2763 Carlctti
609 2755 620 2768 ,
644 2736 776 2763 mutata
794 2727 985 2768 sententia,
1009 2728 1076 2770 juri
1088 2727 1149 2763 suo
1165 2728 1382 2763 renunciavit
1397 2754 1404 2762 .
1430 2726 1586 2761 Obbane

109 2772 401 2810 renunciationem
421 2786 530 2811 novus
545 2776 686 2812 indictus
702 2773 767 2811 fuit
785 2774 968 2812 concursus
980 2802 989 2816 ,
1016 2775 1051 2812 in
1066 2787 1132 2824 quo
1149 2776 1313 2824 probatus
1331 2774 1396 2811 fuit
1421 2771 1584 2854 {acerdos

1461 2830 1541 2855 ran·
