1978 3017
389 114 435 183 c⁴lte
448 144 635 192 deberi'pro
652 152 723 179 toto
737 149 886 189 tempore
903 164 912 178 ‚
933 144 969 176 in
983 140 1133 184 reliquis
1159 137 1276 174 deberi
1290 149 1311 172 a
1338 141 1391 176 die
1408 143 1538 177 reditu}
1563 142 1605 175 ad
1619 138 1827 183 residentiam
1841 164 1851 175 ἢ

390 194 473 229 Non
489 192 621 237 placuit
634 189 804 236 Capitulo
819 186 1047 224 Valdkirckii
1060 187 1129 223 haec
1141 185 1304 222 definitio
1316 213 1325 226 ,
1354 187 1386 221 &
1399 200 1489 224 nunc
1504 190 1693 235 ambigitur
1707 214 1716 224 .

341 239 616 284 'idnfitftandum
629 262 640 277 ‚
670 238 730 275 vcl
748 239 969 276 recedendum
984 251 1002 270 a
1017 234 1132 279 decifis
1146 238 1180 271 in
1197 234 1272 280 casta
1288 239 1362 272 &a

437 287 566 324 Dilata
580 285 623 322 ad
639 285 839 332 sequentem
854 308 864 319 .

35 383 182 423 s‘cfsdaet.
194 388 310 430 cap-7·
452 378 1160 419 STUNEN.RE1NTEGRATIONIS
1175 380 1756 420 AD1³ARTiCiPAT10NEM=
1772 386 1855 422 Haec

29 431 65 463 dc
85 427 160 476 Res}
459 442 593 479 quoque
607 428 721 465 Causa
736 428 899 464 secundas
916 428 1266 464 Eminentissimorum
1282 430 1417 466 Patrum
1431 431 1577 476 postulat
1587 442 1682 467 curas
1699 456 1708 466 .
1737 433 1857 468 Dedi-

392 489 467 514 mus
478 489 553 513 eant
568 477 603 512 in
621 477 714 513 Folio
732 478 1008 522 congregationis
1023 477 1148 512 habitae
1160 479 1211 514 die
1225 487 1279 524 24.
1297 477 1455 514 transaCti
1474 480 1587 523 mensis
1602 482 1747 527 Aprilis
1769 480 1856 515 duo-

390 528 453 562 bus
471 524 660 574 Capitibus
675 523 888 570 dispertitam
903 552 910 560 .
935 522 1087 559 Primam
1101 531 1171 560 erat
1185 538 1195 558 ε
1222 531 1280 561 An
1290 527 1416 570 favore
1436 527 1678 564 Maximiliani
1694 528 1859 563 Nardel-

394 574 422 610 li
439 600 448 613 ‚
476 578 518 611 Θ
534 574 708 608 Dominici
722 576 850 609 Donati
866 572 1051 614 carellafit
1080 574 1175 607 iocus
1191 573 1373 615 extensioni
1393 573 1522 621 gratiae
1548 576 1651 621 super
1672 575 1853 618 facultatae

395 620 593 658 celebrandi
607 619 724 666 Mifflzs
741 623 775 655 in
793 619 1055 667 quibuscumque
1072 618 1226 662 Ecclefiis
1239 620 1345 656 etiam
1361 623 1630 659 Parochialibus
1648 648 1656 657 .
1691 621 1853 659 Alterum

396 678 469 704 erat
489 681 497 700 ε
513 674 570 702 An
582 693 592 709 ‚
604 672 647 704 6³
662 679 680 700 a
692 679 756 714 quo
771 675 922 714 tempore
935 667 1055 710 eisdem
1072 675 1242 713 competat
1255 670 1483 714 reintegratio
1499 671 1857 718 adpartict'pationem

397 721 431 753 in
451 716 591 758 Ecclesia
604 718 786 763 receptitia
803 719 907 750 Terrae
928 720 964 749 S·
978 717 1055 750 Viti
1068 715 1102 749 in
1114 715 1188 757 cafiae
1206 719 1282 750 &a
1304 715 1520 761 Responsum
1545 717 1611 754 fuit
1625 718 1667 754 ab
1690 717 1857 753 Eminen-

398 765 527 799 tisiimis
545 761 707 797 Patribus
720 786 731 798 .
756 764 816 797 Ad
830 766 854 796 I.
870 765 1055 806 'Negative
1072 783 1082 794 .
1104 762 1161 795 Ad
1175 765 1216 795 II.
1244 767 1435 808 Competere
1449 779 1468 798 a
1494 762 1548 802 die
1563 765 1706 802 obtentio
1728 769 1857 813 gratia:

399 816 510 862 quoad
528 811 666 846 chorum
679 837 690 851 ,
708 815 750 846 (φ
765 816 875 845 Horas
895 809 1074 842 canonicas
1083 816 1218 843 tantum
1232 820 1238 841 :
1261 819 1350 842 nunc
1364 819 1476 845 autem
1502 812 1769 858 respondendum
1784 814 1831 849 est
1846 839 1855 848 .

353 866 412 902 An
429 860 475 903 sit
499 859 653 909 standum
675 884 685 898 ,
709 859 769 893 vel
793 856 1012 894 recedendum
1037 868 1056 889 a
1084 854 1198 898 decisis
1212 858 1247 890 in
1261 857 1336 901 casa
1351 862 1426 893 &a

452 955 580 1003 Quoad
595 953 742 1000 primum
758 951 933 988 Dubium:
959 947 997 1002 ,¹¹²
1008 947 1125 984 decisis
1141 974 1152 989 ,
1169 948 1201 984 δι
1214 949 1357 996 amplius
1372 977 1380 987 .
1401 963 1470 999 quo
1495 965 1578 991 vero
1605 955 1647 991 ad
1666 954 1849 994 secundum

404 1005 533 1049 praevio
548 1001 671 1037 recessu
686 1012 703 1034 a
720 999 836 1036 decisis
851 1007 1012 1047 negative
1026 1020 1037 1031 .
1266 999 1271 1004 ’

66 1097 176 1144 Seffi5.
197 1110 262 1136 c.2.
278 1102 318 1135 de
356 1099 436 1183 C
447 1095 673 1133 IVITATIS
686 1094 1028 1132 CASTELLANAE
1039 1093 1168 1136 JURIS
1186 1093 1573 1134 CONCIONANDI:
1592 1098 1773 1135 Diuturno
1784 1098 1859 1140 usu,

41 1146 111 1190 Res.
126 1154 169 1182 (φ
182 1148 316 1192 Seffjz4.
454 1146 550 1188 cuius
563 1144 660 1179 nulla
673 1145 838 1180 memoria
852 1143 898 1179 est
910 1169 921 1183 ,
941 1143 1110 1178 servatum
1123 1142 1188 1178 fuit
1200 1170 1210 1182 ,
1239 1151 1274 1177 ut
1291 1143 1325 1177 in
1351 1143 1496 1180 Ecclesia
1519 1145 1715 1192 collegiata
1745 1147 1858 1181 Sancti

41 1205 105 1233 oq..
121 1193 160 1230 de
175 1196 245 1239 Refi
402 1193 586 1230 Michaelis
604 1192 814 1239 Archangeli
833 1191 955 1229 Terrae
971 1190 1166 1237 Caprarolae
1180 1190 1439 1235 praedicationes
1453 1194 1546 1228 verbi
1561 1193 1631 1228 Dei
1645 1194 1859 1229 haberentur

402 1252 464 1288 per
478 1242 595 1276 orbem
610 1266 621 1279 ,
645 1238 702 1275 seu
730 1251 868 1276 turnum
892 1251 911 1275 a
927 1239 1087 1274 Patribus
1115 1238 1309 1273 Minoribus
1336 1239 1609 1275 Observantibus
1620 1266 1631 1281 ‚
1659 1240 1871 1276 Carmelitis.

402 1288 618 1326 Excalceatis
630 1314 640 1328 ‚
665 1287 697 1322 δι
713 1286 947 1334 Cappuccinis
960 1313 970 1327 ‚
994 1296 1134 1332 quorum
1148 1287 1181 1320 in
1192 1288 1305 1321 eadem
1322 1285 1434 1322 Terra
1446 1287 1520 1322 sunt
1534 1287 1748 1323 Monasteria
1759 1315 1767 1324 .
1783 1287 1862 1322 Post

402 1336 596 1374 centenarii
611 1362 622 1376 ,
646 1334 678 1369 &
693 1334 952 1370 immemoriali's
966 1333 1130 1379 temporis
1143 1332 1255 1379 fugam
1271 1332 1485 1369 Univerfitas
1502 1333 1597 1369 illius
1614 1333 1734 1370 Terrae
1748 1360 1759 1374 ‚
1786 1346 1861 1379 quae

406 1383 608 1428 stipendium
625 1381 728 1417 solvit
740 1382 849 1418 Sacris
863 1381 1069 1418 Oratoribus
1081 1407 1092 1422 ‚
1120 1380 1262 1416 liberum
1274 1379 1333 1416 fibi
1358 1383 1529 1427 nuperius
1545 1380 1610 1417 effe
1622 1389 1782 1428 reputans
1796 1381 1868 1416 eli-

406 1430 506 1478 geridi
523 1442 625 1476 quem
639 1429 746 1464 vellet
760 1430 801 1464 ad
816 1430 879 1465 hoc
893 1427 1145 1474 praedicationis
1161 1440 1283 1464 munus
1297 1427 1512 1475 implendum
1527 1431 1705 1466 revocavit
1722 1439 1866 1465 turnum

408 1479 512 1514 trium
528 1476 814 1513 Monasteriorum
829 1500 840 1511 .
867 1478 970 1513 Adita
983 1476 1051 1512 fuit
1067 1475 1129 1511 hac
1139 1475 1183 1511 de
1197 1488 1234 1512 re
1259 1477 1357 1512 Sacra
1384 1476 1625 1524 congregatio
1639 1502 1650 1517 ‚
1677 1489 1752 1524 quae
1773 1475 1870 1510 Bono

406 1525 618 1571 Populorum
632 1524 809 1570 Regimini
821 1524 999 1571 praepofita
1012 1524 1059 1559 est
1085 1522 1317 1571 rescripsitque
1331 1524 1512 1560 secundum
1543 1524 1841 1560 Communitatem
1855 1548 1866 1562 ,

408 1573 463 1609 sed
478 1573 571 1608 adito
584 1583 603 1607 a
617 1572 724 1607 tribus
741 1572 957 1609 Monasteriis
973 1571 1021 1608 R.
1034 1571 1073 1608 P.
1086 1572 1132 1606 D.
1160 1572 1328 1608 Auditore
1351 1571 1545 1607 Sanctiiiimi
1559 1596 1570 1610 ‚
1591 1574 1666 1607 data
1695 1570 1759 1606 fuit
1774 1569 1869 1604 Emi-

408 1619 611 1656 nentiffimis
625 1619 784 1656 Patribus
797 1620 1034 1666 postulationis
1047 1619 1144 1661 hujus
1157 1619 1332 1665 cognitio.
1350 1618 1504 1655 Auditus
1521 1617 1585 1653 fuit
1600 1645 1609 1659 ,
1638 1627 1676 1654 ut
1690 1618 1793 1653 moris
1806 1616 1864 1656 est,

408 1668 610 1713 Episcopus,
625 1669 655 1702 &
670 1678 758 1703 nunc
773 1668 884 1703 Causa
897 1669 1107 1714 proponitur,
1118 1668 1313 1714 urgentibus
1327 1666 1480 1702 Patribus
1491 1665 1627 1701 nullum
1641 1667 1702 1702 hac
1720 1667 1756 1701 in
1767 1677 1803 1701 re
1815 1665 1869 1708 ius

410 1714 476 1750 esse
491 1715 765 1755 Communitati;
791 1715 899 1750 solvat
913 1717 998 1751 licet
1013 1714 1219 1761 stipendium
1236 1729 1245 1755 ;
1272 1714 1521 1760 praedicationis
1542 1714 1633 1748 enim
1646 1724 1766 1749 munus
1781 1724 1869 1759 pro-

409 1763 524 1808 prium
540 1760 603 1796 esse
618 1761 859 1808 Episcoporum
875 1787 885 1801 ,
910 1763 1051 1806 ideoque
1067 1761 1116 1802 jus
1132 1789 1141 1802 ‚
1166 1762 1196 1796 &
1216 1761 1414 1797 facultatem
1438 1761 1620 1806 deputandi
1634 1761 1746 1797 sacros
1771 1762 1869 1795 Ora-

409 1818 506 1844 tores
524 1820 591 1843 non
606 1809 646 1843 ad
662 1808 934 1845 Communitates
949 1836 960 1849 ,
986 1808 1042 1844 sed
1067 1810 1105 1843 ad
1124 1808 1306 1856 episcopos
1332 1810 1521 1855 pertinere,
1544 1806 1604 1842 nist
1632 1807 1804 1843 contraria
1831 1804 1871 1840 sit

347 1899 349 1901 ι
408 1855 618 1891 consuetudo
633 1882 641 1896 ‚
670 1867 743 1901 quae
757 1857 791 1890 in
810 1855 963 1892 Ecclesiis
980 1855 1198 1891 inferioribus
1215 1883 1223 1892 ,
1238 1855 1405 1902 quidquid
1418 1853 1508 1890 sitin
1524 1854 1805 1894 cathedralibus,
1821 1852 1869 1888 li-

408 1914 466 1938 cet
480 1903 748 1949 ouadragenaria
759 1901 797 1938 sit
814 1930 823 1944 ,
843 1903 1003 1940 servanda
1030 1902 1099 1940 est;
1123 1912 1160 1938 ut
1187 1903 1325 1938 tradunt
1349 1903 1484 1946 Barbas.
1512 1905 1553 1937 aci
1572 1905 1694 1939 Concil.
1713 1904 1862 1937 Trident.

403 1951 562 1996 seffis.de
581 1952 716 1994 reform.
731 1960 841 1998 σαμε.
854 1964 944 1987 n.10.
966 1951 1159 1998 Pignatell.
1175 1951 1313 1995 consult.
1332 1952 1642 1996 Canon-206.vol.4.
1659 1956 1865 1995 n.15.17.37·

409 2000 613 2046 &sequena
627 2000 719 2033 Card.
730 2000 769 2034 de
785 2005 875 2035 Luca
887 1998 1373 2043 Mcfiel.Ecclefidi'sc.27.n·5.
1383 2002 1426 2035 ὠ
1444 2000 1477 2032 in
1489 1999 1604 2033 adnot.
1618 1999 1661 2032 ad
1677 1996 1868 2033 conc.Trid.

409 2043 1695 2094 dist-3.num.6.Vener.inExam.Episcop.cap.60.n.8.&sequentG.avant.in
1709 2042 1853 2078 Manna!
1860 2067 1869 2077 .

412 2093 564 2141 Epistola.
581 2092 801 2129 verb-Contio
815 2099 917 2129 Sacra
931 2103 1083 2138 num.24.
1100 2093 1321 2137 &fhquent.,
1336 2090 1475 2138 aliisque
1485 2090 1749 2138 frequentissime
1766 2118 1773 2126 .

364 2140 457 2176 Cum
471 2139 578 2185 igitur
592 2140 726 2177 nullum
739 2140 800 2174 hac
815 2140 848 2175 in
866 2154 902 2178 re
914 2143 964 2184 jus
977 2139 1015 2175 sit
1027 2137 1284 2176 Communitati
1298 2165 1309 2179 ,
1334 2149 1411 2175 cum
1426 2138 1590 2186 Episcopo
1604 2136 1733 2173 obstent
1745 2137 1870 2172 imme·

411 2186 563 2222 morialis
577 2188 783 2223 consuetudo
795 2212 806 2226 ‚
827 2190 1034 2236 consequeris
1049 2185 1114 2221 esse
1129 2194 1167 2222 ut
1180 2185 1338 2221 mutanda
1352 2197 1418 2221 non
1433 2185 1471 2221 fit
1483 2184 1654 2231 dispositio
1667 2212 1678 2226 ,
1693 2186 1724 2220 ὅ(
1736 2183 1871 2220 metho-

410 2234 476 2268 dus
491 2233 648 2269 haetenus
663 2234 792 2268 servata
807 2260 816 2274 ,
843 2245 879 2271 ut
891 2236 930 2271 ad
948 2234 1201 2281 praedicationes
1216 2233 1312 2269 verbi
1335 2233 1403 2268 Dei
1433 2234 1654 2268 admittantur
1669 2244 1728 2278 per
1750 2233 1869 2267 orbem

412 2283 481 2316 tria
496 2280 701 2315 Monasteria
716 2294 724 2314 ε
742 2280 897 2318 Vetustas
910 2283 999 2317 enim
1010 2282 1123 2317 vicem
1137 2281 1222 2326 legis
1234 2282 1387 2316 obtinere
1398 2281 1495 2316 debet
1510 2307 1519 2320 ‚
1544 2280 1575 2315 &
1596 2277 1729 2327 possunt
1754 2279 1869 2313 Patre:

414 2339 606 2374 proponere
635 2327 888 2364 transactionem
901 2357 911 2371 ,
937 2331 1050 2376 pactus
1074 2353 1083 2366 ‚
1109 2326 1397 2363 Constitutionem
1423 2327 1653 2374 Apostolicam
1668 2354 1678 2368 ,
1702 2328 1734 2363 &
1767 2325 1873 2360 aliurn

414 2375 602 2422 quemlibet
615 2375 783 2420 aptiorem
798 2374 940 2413 titulum
954 2377 1048 2419 juxta
1061 2374 1135 2410 vim
1148 2376 1406 2422 cognitisfimam
1420 2375 1578 2421 temporis
1592 2374 1782 2411 centenarii
1799 2371 1874 2406 :Ex

415 2423 478 2458 hac
494 2434 535 2458 ve
545 2422 663 2457 tustate
681 2423 802 2468 colligi
816 2421 1026 2468 spectandum
1042 2434 1108 2457 non
1122 2421 1186 2457 esse
1201 2449 1211 2464 ‚
1231 2424 1322 2469 quod
1338 2434 1355 2457 a
1372 2423 1630 2459 Communitate
1662 2419 1772 2466 excipi
1788 2418 1875 2454 solet

418 2469 472 2517 agi
490 2470 534 2504 de
548 2469 674 2505 affitibus
689 2470 921 2512 facultativis,
948 2471 982 2507 in
996 2470 1120 2517 quibus
1133 2469 1267 2505 nnlluin
1284 2471 1405 2505 habeat
1432 2472 1547 2506 locum
1575 2468 1784 2514 praescriptio
1800 2493 1810 2506 ‚
1840 2467 1876 2500 6<

418 2515 617 2560 stipendium
630 2517 695 2553 sive
706 2516 942 2554 eleemosinam
958 2520 1000 2554 ab
1014 2530 1053 2554 ea
1066 2517 1214 2563 praestari
1228 2543 1238 2556 .
1273 2527 1311 2552 vt
1325 2518 1433 2552 omnis
1454 2518 1595 2564 :equitas
1621 2515 1766 2562 postulet
1781 2543 1791 2556 ,
1818 2513 1873 2555 jue

420 2562 533 2597 eidem
545 2563 691 2598 dandum
702 2564 767 2600 esse
777 2566 921 2612 eligendi
936 2567 1063 2607 sacrum
1076 2565 1256 2600 Oratorem
1273 2592 1281 2605 ‚
1308 2576 1377 2600 non
1390 2566 1480 2600 enim
1497 2564 1688 2600 facultativi
1704 2561 1775 2598 dici
1798 2559 1878 2607 pos-

421 2608 495 2643 sunt
511 2610 599 2643 aetus
613 2611 669 2660 qui
689 2636 698 2649 ,
726 2612 850 2648 sciente
865 2639 874 2653 ,
898 2615 928 2649 ὅ(
947 2615 1098 2659 patiente
1113 2613 1281 2658 Episcopo
1294 2639 1304 2652 ,
1332 2612 1468 2659 singulis
1484 2615 1578 2647 annis
1593 2609 1672 2645 fasti
1686 2609 1762 2644 sunt
1779 2635 1789 2649 ,
1815 2619 1878 2642 nec

422 2656 468 2689 <le
488 2655 736 2707 1›raescriptione
761 2661 977 2704 quaerendum
1000 2659 1064 2696 effe
1083 2685 1092 2698 ‚
1112 2659 1164 2694 sed
1189 2662 1229 2694 de
1262 2660 1504 2708 consuetudine
1531 2656 1791 2703 interpretativa
1809 2682 1819 2696 ‚
1847 2656 1879 2690 &

422 2702 659 2753 prxsumptiva
674 2704 758 2745 juris
783 2717 848 2740 non
874 2717 991 2742 contra
1016 2706 1313 2745 Communitatem
1329 2733 1337 2745 ,
1360 2718 1434 2748 quse
1458 2707 1521 2740 hac
1543 2706 1579 2740 in
1595 2717 1631 2740 re
1647 2704 1787 2741 nullum
1816 2704 1881 2738 ha-

421 2752 479 2784 bet
518 2749 657 2784 titulum
684 2776 691 2785 .,
734 2751 787 2786 sed
826 2764 942 2789 eontra
974 2754 1194 2801 Episcopum:
1221 2754 1514 2790 Communitatern
1543 2764 1624 2789 vero
1656 2778 1667 2793 ‚
1705 2764 1781 2799 quae
1821 2751 1879 2786 sti·

1754 2809 1835 2845 pen-
