2000 3017
275 110 339 176 96
612 104 846 156 INDEX
895 104 1526 160 CONCLUSIONUM
1550 145 1564 158 .

253 185 365 210 autem
390 175 554 210 desefium
579 173 734 220 aetatisp.
751 176 839 219 34.⁶.
870 174 1030 217 Perusina

250 235 283 258 m
330 237 366 258 ne
390 253 402 260 κ.

206 226 374 313 Sponsili'a
394 271 458 310 jam
473 268 644 304 contracta
661 268 791 303 nullam
806 279 874 302 non
903 268 1031 305 faciunt

250 316 489 351 Prosessionem
505 315 587 350 inde
600 315 749 350 emissam
768 326 808 364 p.
823 326 876 362 33.
897 319 922 349 ὑ.
949 324 1030 354 Con-

248 373 304 397 tra
322 368 355 399 in
371 364 430 404 fin.

204 410 363 447 Nullitas
399 408 618 455 professionis
646 418 763 456 utpote
789 422 847 456 per
871 411 965 451 vim,
994 413 1026 447 δι

246 469 372 494 metum
395 455 518 492 emissa:
541 460 702 504 denegata
727 457 793 493 fuit
808 460 841 494 in
858 461 1028 506 ‘Neapoli-

245 517 328 543 tana
347 507 526 542 nastlicictis
537 507 799 554 profeffionispa
813 517 841 547 ς.
856 518 928 541 cum
940 507 1025 553 seq„

246 558 289 590 (φ
309 556 342 587 in
362 554 563 587 Placentina
583 562 766 599 (sc-[775.

293 598 337 633 Et
363 598 432 632 alia
463 599 572 643 quoad
600 599 847 635 restitutionem
875 600 908 633 in
936 600 1024 635 inte-

241 657 339 692 grum
359 645 437 682 vide
447 646 587 681 verbum
602 647 773 688 restitutio
786 651 820 684 in
834 653 1004 696 integrum
1014 676 1023 686 .

578 743 722 863 Q

378 881 558 918 UARTA
584 881 880 920 FUNERALIS.

282 930 370 966 Ccle
386 942 424 964 1ae
453 929 667 965 Pan-ochiali
704 929 903 965 solvendam
923 930 1021 969 esse..-

297 987 455 1023 quartam
471 976 660 1011 funeralem
681 977 721 1011 de
737 979 894 1013 omnibus
918 980 1020 1013 cereis

245 1026 285 1061 ad
310 1024 490 1059 Ecclesiam
526 1025 751 1059 tumulantem
790 1023 1017 1069 speetantibus

245 1073 314 1108 fuit
327 1070 476 1106 decisum
491 1070 524 1103 in
541 1077 679 1107 Trancn.
701 1071 794 1116 juris
813 1074 1018 1116 funerandi,

245 1126 289 1157 Θ*
302 1119 515 1166 processionis
538 1131 617 1165 pag.
630 1124 689 1163 67.
702 1122 856 1167 cumseq.
873 1122 918 1155 ad
929 1125 1020 1157 VIII.

243 1167 323 1202 dub.

291 1221 334 1248 Et
358 1214 393 1247 in
419 1218 546 1248 Comen.
564 1213 777 1255 fundiionum
806 1219 1018 1251 conventua-

246 1262 492 1307 liump.73.ad
507 1264 579 1296 VH,
596 1260 674 1294 dub.
691 1261 746 1294 ubi
770 1260 920 1306 requisita
943 1264 1015 1296 Sac.

243 1306 414 1353 Congreg.
430 1317 472 1340 an
482 1304 563 1340 effet
576 1307 735 1341 solvenda
747 1319 866 1354 quarta
882 1308 1016 1343 funera-

244 1354 287 1389 lis
299 1353 602 1400 seppelliendorum
618 1354 652 1389 in
666 1353 810 1390 Ecclesia
826 1355 1018 1391 PP.Resor-

243 1410 413 1435 matorum
440 1401 647 1444 affirmati-ve
672 1402 841 1447 respondit
878 1405 918 1437 ad
937 1404 1012 1447 for-

247 1460 339 1484 mam
357 1445 609 1489 constitutionis
623 1451 847 1487 Benedefiinae
864 1471 875 1483 .

569 1548 661 1635 R

267 1686 550 1723 REGULARIS
576 1687 867 1724 REGULARES
894 1687 947 1724 IN

426 1754 427 1757 =
464 1733 497 1768 G
516 1735 539 1767 E
555 1735 584 1769 N
602 1734 627 1768 E
640 1735 674 1769 R
687 1736 710 1769 E
737 1759 747 1769 .

287 1780 321 1815 X
336 1782 511 1816 Sacrorum
526 1781 705 1816 Canonum
725 1782 937 1829 dispositione
950 1783 1016 1818 Re-

293 1827 468 1874 gularibus
481 1829 625 1863 vetitum
638 1828 685 1863 est
698 1829 873 1866 parochias
887 1830 1016 1865 obtine-

239 1888 276 1911 re
285 1887 342 1921 p.5
353 1888 381 1910 1.
399 1889 471 1911 cum
486 1880 550 1921 (Lus.
566 1884 592 1913 §.
609 1883 657 1910 Ex
674 1877 727 1910 his
741 1900 754 1912 .

189 1922 357 1958 Beneficia
372 1922 558 1969 Regularia
572 1922 803 1968 Regularibus
815 1950 824 1963 ‚
845 1923 1014 1960 saecularia

235 1970 460 2006 Saecularibus
474 1970 673 2005 conferenda
684 1971 930 2019 suntp.5‘t.cum
940 1973 1014 2018 seq.

238 2020 265 2051 §-
283 2026 334 2052 Ex
349 2019 402 2051 ln's
419 2042 428 2051 .

189 2064 380 2110 Regulares
395 2065 470 2110 cogi
487 2073 660 2110 nequeunt
673 2065 710 2099 ad
727 2063 1017 2100 interveniendum

236 2112 504 2146 Proceiiionibus
521 2139 529 2152 ,
553 2111 613 2145 nisi
628 2111 773 2157 publicis
783 2122 819 2160 p.
833 2114 889 2160 38.
906 2117 932 2148 ὁ.
954 2114 1018 2146 A!-

234 2158 391 2204 big-men.
410 2161 443 2193 in
453 2163 565 2205 princ.

279 2205 320 2238 Et
335 2205 471 2252 publica
486 2204 651 2252 proceliio
675 2205 734 2240 illa
755 2206 881 2241 dicitur
904 2231 914 2245 ,
939 2218 1013 2252 quae

234 2253 268 2287 in
287 2253 451 2287 honorem
467 2251 554 2291 Dei,
579 2254 611 2286 δι
625 2253 797 2298 publicam
824 2254 1012 2287 utilitatem

235 2299 355 2333 directa
367 2298 413 2334 est
426 2298 508 2335 ibid.
524 2303 614 2334 circa
631 2301 716 2335 med.

280 2346 370 2379 luter
386 2346 540 2380 insolitas
555 2356 636 2380 vero
651 2372 660 2385 ‚
677 2347 707 2380 δι
723 2345 1010 2382 extraordinarias

233 2393 452 2439 procefliones
465 2392 559 2427 sicuti
575 2402 839 2428 connumeratur
852 2393 924 2434 illa,
937 2405 1011 2438 quse

233 2440 369 2474 honoris
385 2440 481 2473 causa
503 2466 512 2479 ‚
537 2440 567 2474 &
585 2441 783 2475 reverentiae
807 2441 1010 2477 occasionem

235 2487 335 2531 primi
352 2485 508 2531 ingressus
522 2486 694 2532 Episcopi,
721 2487 774 2521 seu
792 2487 1009 2523 visitationis

235 2533 307 2566 fieri
323 2533 404 2566 solet
419 2533 500 2567 ibid.

285 2579 365 2613 ideo
381 2579 457 2612 talis
471 2578 578 2614 honor
591 2603 600 2617 ‚
629 2581 660 2614 &
675 2582 860 2616 reverentia
875 2581 1005 2627 praesta-

1125 177 1229 211 etiam
1259 185 1278 208 a
1317 172 1464 217 publicis
1487 200 1497 214 ‚
1533 182 1632 222 atque
1655 176 1911 216 universalibus·

1125 222 1387 270 proceflionibus
1400 220 1601 257 excusentur
1620 230 1720 270 p.38.
1737 225 1771 272 ᾗ.
1785 229 1908 274 Dispo-

1119 272 1239 315 sitioni
1254 271 1409 316 inprinc-

1175 315 1397 351 Contrarium
1429 324 1540 351 tamen
1566 316 1696 362 placuit
1727 320 1799 356 Sac.
1821 320 1905 357 huic

1123 366 1292 410 Congreg.
1314 363 1520 408 arciaviique
1546 363 1606 400 PP.
1636 364 1907 408 Dominicanos,

1124 414 1153 447 &
1171 412 1409 457 Cappuccinos
1433 409 1554 446 Tabite
1577 416 1592 454 (
1618 413 1740 458 praevia
1762 414 1905 449 intima-

1125 461 1217 497 tione
1233 460 1380 494 facienda
1395 458 1530 492 nomine
1544 457 1696 504 Episcopi
1712 463 1726 502 )
1752 471 1906 496 interve-⁴

1126 509 1197 544 nire
1221 507 1262 541 ad
1280 506 1524 541 Froeeffionem
1548 504 1622 541 fieri
1641 506 1773 543 solitam
1797 520 1903 549 occa-

1125 555 1211 590 none
1229 554 1326 599 primi
1350 550 1509 598 ingressus
1528 553 1680 599 Episcopi
1695 558 1728 590 in
1747 556 1905 602 Albiga-

1121 617 1196 639 nen.
1212 601 1424 644 ‘Processi-'onis
1439 627 1448 639 ,
1464 605 1506 638 Φ
1523 601 1702 639 nullitatis
1727 605 1904 638 interdicit

1117 662 1157 698 p.
1175 649 1223 688 38.
1241 651 1283 682 ad
1300 654 1323 682 I.
1344 647 1422 682 dub.

1171 695 1212 729 Et
1231 696 1305 730 talis
1319 694 1463 728 monitio
1477 719 1487 732 ,
1512 695 1542 729 &
1572 694 1746 733 intimatio
1770 694 1900 733 necesse

1118 743 1165 778 est
1179 751 1216 777 ut
1236 741 1387 787 legitima
1412 740 1451 774 sit
1474 767 1483 779 ‚
1509 753 1550 775 ne
1563 742 1753 790 Regulares
1774 757 1791 779 a
1819 743 1901 779 Pro-

1118 790 1321 825 ceflionibus
1341 792 1647 836 excusenturp.38.
1662 802 1687 834 9.
1703 792 1898 839 Dispositio-

1120 840 1156 874 ni
1170 835 1261 872 circa
1276 838 1362 872 med.

1072 885 1109 922 P.
1130 884 1284 919 Ministro
1299 883 1509 918 Sanctiffimae
1519 882 1701 920 Trinitatis
1717 885 1751 919 in
1767 885 1898 921 Archi-

1118 930 1276 976 hospitali
1293 932 1324 964 S.
1339 930 1485 965 Martha:
1515 931 1734 966 Avenionen.
1759 932 1897 967 Civita-

1110 980 1161 1013 tis
1176 980 1383 1023 denegarum
1400 976 1466 1012 fuit
1480 976 1695 1014 denominari
1710 978 1796 1025 poss‘e
1824 978 1895 1013 Cu-

1116 1034 1226 1061 ratum
1240 1025 1381 1067 ejusdem
1395 1025 1680 1071 Archihospitalis
1692 1029 1727 1063 in
1740 1029 1909 1066 Avenios

1119 1086 1190 1109 nen.
1201 1079 1272 1119 pot
1284 1096 1292 1104 .
1307 1085 1379 1106 cum
1390 1074 1461 1114 fect.
1474 1074 1515 1106 ad
1528 1077 1552 1108 I.
1564 1075 1642 1107 dni).

1167 1121 1265 1154 Licet
1282 1129 1389 1154 tamen
1406 1119 1588 1154 resolutum
1609 1119 1712 1154 fuerit
1727 1146 1736 1160 ,
1758 1120 1902 1157 eidem-³

1121 1167 1266 1213 spectare
1283 1169 1332 1208 jus
1348 1165 1532 1201 exercendi
1547 1167 1580 1200 in
1604 1167 1814 1202 Coemetcrio
1830 1171 1904 1202 Ar-

1115 1214 1350 1257 chiliospitalis
1375 1213 1600 1259 quascumque
1629 1214 1815 1251 functiones
1838 1227 1900 1258 pro

1114 1262 1267 1306 exequiis
1282 1289 1289 1301 ‚
1304 1262 1334 1296 ὃ(
1352 1260 1641 1295 tumulationibus
1659 1264 1893 1296 cadaverum-s

1113 1310 1348 1344 decedentium
1362 1317 1455 1342 extra
1470 1308 1592 1342 dictum
1603 1309 1901 1355 Archihospitale‚

1115 1356 1365 1401 &sepulturam
1381 1353 1503 1390 ibidem
1518 1355 1720 1399 eligentium
1735 1382 1744 1394 ‚
1759 1366 1823 1389 non
1835 1366 1895 1389 au-

1110 1412 1177 1439 tem
1191 1404 1231 1438 ad
1247 1403 1444 1448 Capitulum
1461 1401 1667 1447 Collegiatae
1684 1429 1694 1442 ‚
1716 1403 1746 1436 &
1766 1403 1894 1436 Parro-

1110 1452 1228 1486 chialis
1243 1449 1396 1485 Ecclefis:
1412 1451 1430 1483 S
1462 1449 1550 1482 Petri
1566 1449 1647 1484 ibid.
1670 1451 1712 1482 ad
1729 1454 1772 1482 H.
1794 1448 1870 1483 duh.

1071 1498 1258 1545 Regulares
1286 1495 1457 1532 occasione
1497 1495 1725 1530 affociationis
1750 1498 1897 1535 *cadave-

1115 1557 1191 1581 rum
1212 1544 1510 1590 seppelliendorum
1525 1544 1559 1577 in
1574 1555 1690 1577 eorum
1720 1542 1866 1578 Ecclesia
1886 1568 1897 1580 ,

1115 1603 1270 1628 tenentur
1299 1591 1346 1626 ire
1375 1590 1416 1624 ad
1444 1591 1622 1625 levandum
1656 1588 1826 1624 Curatum
1855 1590 1897 1622 ab

1115 1639 1262 1676 Ecclesia
1278 1637 1471 1673 Parochiali
1487 1640 1519 1672 in
1536 1637 1781 1683 manen-juris
1796 1639 1893 1678 fane-

1116 1690 1214 1723 randi
1231 1713 1241 1726 ,
1263 1692 1305 1724 (9·
1326 1685 1652 1732 Proceffionisp.67.
1668 1696 1740 1719 cam
1762 1684 1835 1729 seq·
1853 1684 1896 1716 ad

1115 1739 1140 1770 I.
1161 1734 1240 1769 dnh·

1066 1781 1270 1829 Capitulum
1289 1779 1442 1815 Eccleiiae
1456 1777 1677 1813 cathedralis
1691 1804 1699 1817 ‚
1725 1778 1755 1812 ὅ(
1772 1777 1893 1813 Parro-

1113 1827 1430 1863 chialisinvitatum
1448 1826 1487 1860 ad
1502 1825 1755 1860 associationem
1781 1824 1892 1858 Cada-
1940 1842 1941 1846 =

1111 1887 1227 1910 verum
1244 1874 1541 1918 seppelliendorum
1557 1872 1590 1907 in
1608 1872 1750 1907 Ecclesia
1774 1871 1893 1915 Regu-

1113 1923 1234 1958 lai-ium
1255 1948 1265 1960 ‚
1289 1921 1394 1966 potest
1413 1921 1506 1955 illam
1529 1920 1655 1966 ingredi
1673 1930 1748 1954 cum
1776 1917 1891 1951 Cruce

1111 1970 1250 2017 propria
1265 1996 1274 2008 ‚
1305 1969 1335 2002 &
1350 1968 1430 2002 stola
1451 1995 1460 2007 ,
1486 1967 1601 2012 ibique
1619 1967 1730 2002 officia
1753 1992 1762 2004 ‚
1786 1963 1892 2014 alias-

1111 2028 1176 2063 que
1190 2015 1347 2051 funebres
1370 2015 1556 2050 funetiones
1573 2014 1671 2056 super
1699 2011 1891 2046 Cadaveri-

1114 2067 1172 2099 bus
1188 2063 1360 2097 absolvere
1377 2061 1461 2097 ibid.
1476 2063 1518 2094 ad
1533 2066 1608 2095 VII.
1626 2060 1707 2095 dab.

1163 2109 1317 2146 Erfuiius
1339 2109 1378 2144 ad
1404 2110 1489 2144 hanc
1515 2107 1690 2143 materiam
1719 2105 1753 2140 in
1782 2104 1889 2140 verbo

1111 2155 1283 2194 Aslbciare
1298 2158 1468 2200 associatio
1484 2182 1491 2190 .

1143 2199 1155 2203 '⁸
1167 2199 1431 2240 REPARARE
1460 2201 1748 2242 REPARATIO
1774 2228 1782 2235 .

1061 2251 1242 2299 Episcopus
1256 2279 1265 2292 ,
1293 2250 1346 2286 vel
1366 2251 1479 2286 Abbas
1493 2250 1549 2295 qui
1567 2248 1644 2283 loco
1657 2247 1810 2295 Episcopi
1826 2247 1886 2286 est,

1109 2308 1242 2333 tenetur
1265 2299 1304 2332 ad
1318 2297 1468 2333 Ecclesiae
1483 2296 1699 2331 Cathedralis
1711 2324 1721 2338 ‚
1745 2296 1802 2331 vel
1817 2293 1888 2328 Ti·-

1108 2347 1225 2380 tularis
1240 2346 1484 2391 reparationem
1505 2369 1515 2382 ,
1537 2344 1570 2377 in
1597 2354 1698 2388 quam
1723 2342 1888 2378 causam.»

1106 2403 1262 2438 quartam
1278 2401 1403 2437 partem
1420 2390 1614 2426 reddituum
1630 2389 1763 2427 servare
1788 2389 1887 2423 debet

1102 2449 1137 2485 p.
1155 2451 1209 2480 41.
1227 2439 1262 2486 ᾧ.
1282 2446 1400 2475 Contra
1414 2442 1448 2475 in
1462 2441 1572 2485 princ.
1614 2467 1616 2470 .

1057 2486 1210 2522 Ecclefiae
1225 2498 1306 2521 vero
1320 2485 1566 2525 parrochialis,
1580 2485 1611 2519 &
1629 2483 1791 2529 simplicis
1807 2481 1889 2517 Col-

1102 2534 1239 2581 legiatae
1256 2532 1424 2577 reparatio
1438 2533 1585 2568 Parocho
1611 2556 1620 2570 ,
1649 2532 1706 2566 vel
1737 2530 1801 2569 iis,
1828 2529 1887 2575 qui

1103 2582 1137 2616 in
1155 2593 1194 2615 ea
1212 2579 1370 2614 obtinent
1383 2579 1551 2614 Beneficia
1568 2578 1766 2614 incumbere
1784 2576 1897 2616 debet,

239 2628 268 2663 ri
282 2627 381 2661 debet
394 2627 456 2661 hac
469 2625 625 2660 rationea
642 2627 791 2666 subiectis
805 2656 815 2668 ‚
840 2642 909 2664 non
925 2639 1004 2664 vero
1054 2675 1067 2678 -
1098 2638 1192 2675 p.5·4.
1209 2628 1360 2678 cum-[iq.
1381 2638 1409 2677 §7
1425 2627 1534 2670 Cenfht
1550 2630 1641 2661 circa
1656 2627 1739 2660 med.

232 2677 272 2713 ab
287 2673 450 2717 exemptis
468 2672 582 2718 quales
596 2672 667 2706 sunt
684 2673 870 2719 Regulares
886 2676 968 2711 ibid.

184 2724 268 2762 L0ci
281 2731 383 2755 etiam
400 2720 558 2754 distantia
571 2720 603 2752 in
620 2718 713 2753 causa
732 2721 882 2765 legitima
903 2721 1000 2757 ess-„2

233 2767 336 2818 potest
353 2792 362 2805 ,
386 2768 427 2801 ob
441 2777 540 2812 quam
552 2764 741 2810 Regulares
757 2778 820 2800 non
835 2770 874 2801 ab
889 2769 936 2802 liis
952 2768 1000 2800 in-

233 2815 365 2856 solitis,
387 2815 417 2848 &
439 2812 718 2849 extraordinai·iis
731 2813 925 2854 dumtaxat,
950 2813 999 2847 sed

1053 2674 1194 2709 Patroni
1210 2700 1219 2713 ,
1244 2686 1302 2719 qui
1318 2675 1463 2707 redditus
1478 2672 1617 2718 congrui
1632 2682 1692 2716 pro
1719 2671 1797 2706 dote
1817 2670 1884 2704 Be-

1099 2719 1293 2756 ncficiorum
1323 2721 1569 2765 aflignaverunt
1587 2745 1596 2758 ‚
1624 2718 1784 2764 compelli
1817 2729 1895 2760 rie-¹

1096 2777 1221 2813 queunt
1241 2770 1278 2801 ad
1303 2767 1516 2811 reparandam
1535 2764 1712 2800 Ecclesiam
1730 2793 1738 2805 ‚
1764 2765 1796 2800 in
1815 2775 1882 2810 qua

1095 2816 1169 2858 jure
1187 2822 1384 2859 patronatus
1397 2811 1575 2847 conferunt
1594 2811 1882 2856 BeneficiaeQod

1756 2860 1840 2895 bene
