1956 3017
372 148 569 222 {inmineret
583 198 592 212 ‚
605 165 801 205 Canonicus
811 162 955 204 joannes
971 151 1108 190 Stellini
1127 177 1136 192 ,
1153 151 1308 200 adhqueru
1322 144 1445 191 speetat
1457 143 1505 183 ius
1518 140 1720 178 nominandi
1737 169 1746 181 ,
1760 140 1832 188 pri.

377 240 468 267 mum
481 218 696 259 Canonicum
707 240 717 253 ,
735 213 778 247 ob
794 217 939 244 mortem
951 200 1139 239 Sacerdotis
1153 194 1337 233 Michaelis
1356 192 1477 226 Falson
1491 190 1661 224 Camileri
1678 188 1835 235 postula-

376 278 431 312 vit
456 273 500 307 ab
516 260 788 305 Eminentifl'tmis
808 254 967 291 Patribus
985 276 996 290 ‚
1014 258 1055 284 ut
1069 246 1297 292 praefigeretur
1316 239 1464 285 josepho
1476 236 1640 272 Ginnesio
1670 236 1836 283 Aqujljno

379 317 559 358 Canonico
574 305 834 349 Poenitentiario
849 296 1060 338 Cathedralis
1075 292 1230 330 Ecclesiae
1243 287 1468 324 Melevitanae
1492 285 1655 318 terminus
1669 284 1708 316 ad
1727 286 1837 326 jura-⁶,

378 371 438 405 sua
454 361 646 401 deducenda
661 382 670 392 .
694 357 823 390 lterum
837 345 1048 398 auditus-suit
1065 342 1250 393 Episcopus
1264 362 1274 376 ,
1298 336 1355 383 qui
1371 336 1407 369 in
1429 334 1543 367 eadem
1561 331 1627 367 suit
1642 330 1809 366 sententia
1827 358 1836 371 ι

674 453 679 457 “
779 430 785 437 .
845 441 1026 479 Canonico
1048 439 1186 481 *joanne
1220 430 1360 467 Stellini
1386 428 1528 466 laudat,
1548 427 1584 461 8<
1606 422 1837 471 qualitatibus

381 462 568 500 tentiarum
589 460 801 492 nominatum
815 458 833 480 a

378 510 556 547 omnibus,
588 512 672 549 quas
699 495 816 532 voluit
841 488 1033 526 Fundatrix
1061 512 1070 526 ,
1100 483 1275 532 praeditum
1300 477 1411 514 dicit,
1445 471 1839 519 Nuncigitur·Causa-,

407 554 589 601 roponitur
602 576 612 588 ,
629 551 659 583 όι
677 543 764 580 nihil
782 538 922 586 proponi
940 548 958 570 a
973 534 1152 569 Canonico
1168 523 1433 565 poenitentiario
1447 518 1670 556 Cathedralis
1687 518 1840 553 Ecclestae

383 600 609 641 Melevitanae
623 621 633 634 ‚
653 603 717 628 cur
730 588 967 625 Canonicatus
993 577 1245 616 Poenitentiarii
1266 573 1394 611 ereetio
1417 571 1450 605 in
1465 567 1613 604 Ecclesia
1633 565 1838 612 Collegi-ata

386 650 507 686 Insulce
520 644 648 681 Gaulos
662 651 727 675 non
741 637 779 672 fit
799 630 1007 670 {abstinenda
1023 655 1031 668 ‚
1046 627 1193 672 disputat
1203 620 1400 659 canonieus
1419 614 1556 653 Stellini
1569 640 1580 654 ,
1593 624 1671 648 nam
1685 639 1695 653 ,
1706 624 1787 659 quae
1799 623 1842 647 εχ

382 694 602 742 dispositione
620 690 693 723 Sac.
706 682 860 720 Concilii
875 707 886 721 ‚
914 681 945 714 ὅ(
960 674 1159 712 definitione
1175 673 1249 706 Sac.
1269 668 1370 709 huius
1387 663 1594 700 Tribunalis
1607 660 1737 695 dudum
1759 659 1841 694 obi-

383 747 559 781 ciebantur
576 765 585 778 ,
603 739 636 772 in
651 734 823 779 aequivoco
836 726 961 763 versari
976 725 1048 759 ait:
1064 721 1194 756 Locum
1208 718 1302 752 enim
1318 715 1359 749 iis
1375 711 1439 749 esse
1452 739 1462 753 ,
1478 709 1536 746 ubi
1551 708 1737 757 Episcopus
1751 706 1841 742 velit

385 796 422 828 in
431 786 626 833 Collegiata
644 779 786 816 Ecclesia
808 773 989 812 Praebenda
1002 771 1110 815 primo
1127 775 1288 803 vacatura
1301 766 1395 803 juxta
1408 757 1608 795 Tridentini
1632 757 1844 791 decretum...

385 835 642 874 canonicatum
657 824 942 862 poenitentiarum
958 819 1092 863 erigere
1109 842 1118 855 ‚
1141 816 1239 860 longe
1254 812 1346 846 secus
1359 806 1422 842 esse
1433 808 1468 842 in
1482 803 1557 840 casu
1572 803 1684 838 nostro
1696 828 1706 841 ,
1727 801 1764 836 in
1780 810 1848 846 quo

385 897 457 920 non
474 880 650 928 Episcopus
666 871 850 909 Praebenda
864 869 975 915 primo
993 872 1157 901 vacatura
1172 889 1181 902 ‚
1208 860 1261 895 sed
1276 858 1331 903 pia
1345 854 1465 889 mulier
1479 851 1576 887 bonis
1603 850 1668 884 suis
1680 847 1844 894 Canoni-

386 941 505 968 catum
524 921 820 962 Poenitentiarium
837 914 990 953 fundavit
1004 939 1014 953 ‚
1027 911 1152 947 scitum
1169 918 1311 954 namque
1324 929 1334 943 ,
1349 900 1615 949 perspessunque
1631 895 1785 931 omnibus
1800 893 1848 928 es-

386 979 421 1014 se
437 1006 446 1018 ,
461 974 552 1025 posse
567 972 781 1008 fundatores
795 978 849 1002 eas
864 965 953 1009 leges
970 959 1117 996 adiicere
1131 983 1140 996 ,
1152 967 1233 1003 quas
1245 954 1358 992 velint
1371 949 1476 984 etiam
1490 946 1557 989 iuri
1573 943 1737 982 adversas,
1753 944 1849 977 dum-

386 1027 486 1060 modo
500 1032 614 1066 turpes
630 1046 639 1058 ,
665 1019 695 1051 ὅ(
711 1015 807 1050 bonis
821 1012 971 1047 moribus
985 1018 1052 1042 non
1064 1005 1126 1040 sint
1144 1002 1322 1039 contrariae
1336 1026 1345 1036 .
1369 999 1408 1037 A
1420 993 1601 1031 Canonico
1618 989 1848 1028 Poenitentia-

388 1073 439 1108 rio
454 1065 672 1106 cathedralis
689 1061 777 1099 nihil
792 1058 998 1095 habuimus:
1018 1054 1172 1089 Dubium
1189 1050 1236 1085 est
1252 1077 1262 1088 ,

342 1128 400 1158 mAn
413 1119 538 1157 ereHio
557 1105 1015 1155 canonicatussubstineatur
1030 1105 1063 1138 in
1078 1101 1152 1145 casu
1171 1104 1247 1137 &c-

487 1269 824 1327 AffirmatIVe
842 1303 856 1316 .

349 1501 439 1586 N
461 1490 791 1534 EAPOLITANA
819 1476 1211 1522 RESTITUTIONIS
1241 1473 1293 1509 IN
1333 1465 1606 1510 INTEGRUM
1631 1477 1641 1498 ε
1677 1459 1858 1499 Profeffio-

110 1543 315 1587 5⁶fi²5·‘·¹9
471 1557 549 1581 nem
563 1539 698 1577 emifisse
713 1539 799 1582 apud
818 1537 932 1571 Patres
946 1528 1155 1568 Carmelitas
1174 1523 1393 1560 Excalceatos
1407 1545 1417 1558 ‚
1436 1517 1474 1552 vi
1488 1543 1498 1557 ‚
1513 1523 1671 1558 metuque
1689 1522 1707 1545 a
1719 1509 1855 1544 Patre)

113 1593 153 1627 de
166 1587 236 1634 Res·
396 1595 495 1630 illato
513 1620 520 1629 ,
533 1600 640 1635 utque
654 1599 695 1622 ex
711 1587 802 1620 Arce
819 1583 944 1624 Baiana
961 1579 1016 1618 ,in
1031 1588 1098 1624 qua
1115 1584 1191 1608 eum
1208 1573 1310 1607 Pater
1321 1567 1527 1603 detinebat3
1549 1561 1714 1597 evaderet
1728 1581 1739 1592 .
1766 1567 1860 1601 prae-

395 1644 490 1678 cibus
501 1637 625 1675 oblatis
640 1632 791 1669 narravit
804 1629 1029 1665 Sacratiffimo
1056 1620 1205 1666 Principi
1222 1618 1346 1658 Nostro
1362 1614 1417 1649 Fr.
1444 1608 1655 1648 Romualdus
1670 1617 1688 1640 a
1705 1605 1739 1639 S.
1763 1602 1861 1644 ,lose—

396 1691 462 1736 pho
477 1714 487 1727 ‚
512 1687 571 1732 qui
589 1684 719 1730 pridem
735 1679 987 1723 nuncupabatur
1005 1671 1174 1707 Nicolaus
1190 1662 1397 1702 Athanasius
1414 1688 1423 1701 ‚
1445 1661 1479 1695 8<
1494 1659 1529 1693 in
1543 1656 1713 1701 integrum
1730 1647 1861 1684 restitui

396 1733 587 1785 postulavit
601 1757 608 1764 .
636 1728 803 1762 Mandata
820 1724 887 1760 fuit
912 1724 955 1758 ab
969 1722 1034 1756 hoc
1046 1719 1155 1752 Sacro
1172 1711 1358 1749 Tribunali
1385 1705 1573 1752 jurisdictio
1594 1697 1864 1737 Eminentiffimo

397 1783 495 1818 Arch
506 1779 674 1825 iepiscopo
694 1764 862 1818 Neapolis
876 1797 886 1810 ‚
910 1779 947 1804 ut
962 1768 1091 1802 servata
1103 1764 1207 1798 forma
1221 1755 1487 1796 Constitutionis
1500 1747 1702 1786 Sanctissimi
1716 1743 1864 1780 Domini

395 1829 513 1866 Nostri
527 1855 534 1863 .
549 1821 721 1862 Processus
732 1817 912 1862 Judicialis
924 1815 1024 1850 fieret
1041 1839 1048 1847 .
1061 1810 1229 1846 Omnibus
1249 1803 1400 1850 impletis
1416 1828 1425 1842 ‚
1453 1799 1549 1836 causa
1568 1794 1773 1843 proponitur
1788 1817 1797 1830 ‚
1831 1790 1864 1824 &

396 1878 496 1913 Pater
513 1870 733 1921 provincialis
748 1865 887 1901 Ordinis
900 1865 948 1898 ita
966 1872 1038 1896 rem
1052 1866 1165 1893 narrat
1179 1883 1190 1896 ‚
1208 1853 1384 1889 Andream
1401 1844 1624 1883 Athanasium
1640 1844 1782 1876 taberna:
1799 1835 1864 1872 suae

396 1923 535 1959 vinariae
554 1919 737 1955 Nicolaum
753 1913 864 1948 filium
876 1905 1111 1958 praeposuiffe5
1125 1903 1254 1948 peffime
1268 1909 1382 1934 tamen
1394 1897 1436 1930 ab
1444 1906 1485 1930 eo
1499 1888 1766 1928 administratam
1784 1884 1867 1919 fuis-

395 1972 428 2008 se
442 1969 574 2015 perdita
585 1963 790 2001 libidinibus
801 1958 943 2005 pecunia
956 1955 1046 1990 omni
1062 1981 1072 1994 ‚
1090 1961 1128 1991 ut
1148 1951 1274 1997 pluries
1289 1947 1344 1981 lue
1357 1953 1506 1981 venerea
1521 1938 1719 1985 inquinatus
1733 1931 1838 1968 fuerit
1856 1956 1868 1970 ,

398 2020 430 2054 &
445 2015 591 2052 foeminae
608 2010 783 2053 cuiusdam
795 2005 894 2041 causa
903 2004 1056 2050 graviter
1071 2000 1268 2035 vulneratus
1282 2008 1289 2028 τ
1318 1991 1413 2028 Hinc
1430 1987 1541 2026 Patris
1555 1987 1690 2022 ineum
1706 1983 1757 2016 ira
1772 2005 1783 2020 ‚
1809 1987 1867 2014 at·-

401 2076 468 2111 que
480 2060 667 2108 indignatio
681 2084 687 2090 .
702 2056 796 2091 Cum
807 2052 898 2088 filius
912 2060 981 2086 non
994 2046 1202 2093 resipisceret
1218 2069 1226 2081 ‚
1242 2043 1274 2077 &
1289 2039 1455 2075 foeninam
1471 2036 1566 2070 illam
1580 2058 1591 2076 ‚
1612 2040 1716 2077 quam
1729 2024 1867 2072 deperi-

401 2116 460 2148 bat
477 2136 488 2149 ,
511 2117 651 2144 uxorem
662 2104 785 2140 ducere
798 2099 908 2136 vollet
925 2125 935 2138 ,
964 2097 1064 2132 domo
1077 2104 1157 2128 eum
1170 2092 1271 2125 Pater
1283 2087 1390 2129 ejecit
1405 2109 1414 2119 .
1445 2083 1574 2118 Rerum
1598 2075 1752 2113 omniu'm
1767 2074 1868 2118 inops

401 2157 571 2196 Nicolaus
584 2155 623 2190 ad
635 2153 751 2188 Patres
766 2144 1048 2184 Camaldulenses
1061 2138 1219 2184 confugit
1236 2163 1245 2175 ,
1270 2134 1325 2169 sed
1334 2130 1434 2168 brevi
1460 2137 1637 2178 paternam
1647 2122 1786 2158 domum
1801 2131 1864 2156 re.-

401 2206 480 2242 visit
495 2233 501 2240 .
531 2201 658 2239 Noluit
670 2201 774 2235 Pater
792 2195 888 2237 huius
903 2189 1034 2239 ingenii
1046 2187 1158 2223 filium
1172 2185 1321 2230 recipere
1335 2207 1345 2221 ,
1372 2179 1516 2224 ideoque
1530 2171 1651 2221 pressus
1669 2172 1784 2215 inopia
1800 2165 1868 2202 ivit

401 2254 442 2290 ad
456 2249 667 2288 Carmelitas
681 2272 692 2283 .
706 2244 867 2279 Vestibus
883 2240 1027 2276 Ordinis
1040 2234 1200 2279 susceptis
1213 2258 1225 2272 ,
1239 2241 1318 2267 cum
1342 2235 1477 2272 tempus
1495 2222 1631 2258 instaret
1649 2216 1867 2254 Profeffionis

401 2301 594 2338 emittendte
614 2322 622 2335 ,
634 2291 912 2342 protestationem
925 2287 960 2329 in
973 2285 1056 2321 actis
1071 2281 1184 2318 emisit
1200 2306 1209 2319 ,
1225 2290 1290 2325 qua
1308 2273 1507 2310 declarabat
1519 2270 1567 2308 vi,
1579 2276 1743 2312 metuque
1759 2263 1792 2299 id
1802 2259 1867 2296 fie-

405 2351 435 2387 ri
449 2349 490 2384 ab
502 2357 542 2380 eo
560 2372 569 2385 ‚
585 2343 720 2389 ejusque
737 2340 891 2375 animum
905 2347 923 2370 a
934 2333 1020 2370 statu
1035 2326 1216 2375 Religioso
1227 2324 1383 2362 aversum
1397 2341 1407 2351 ·
1422 2318 1622 2355 Profeffiune
1637 2314 1729 2350 inter
1745 2309 1866 2346 Laicos

405 2393 520 2431 emiss'a
533 2393 586 2427 die
603 2402 656 2431 23.
674 2386 825 2430 januarii
836 2395 926 2420 anno
939 2387 1037 2423 1726.
1049 2377 1186 2413 nomine
1203 2382 1334 2409 tantum
1345 2396 1356 2409 ,
1368 2379 1437 2404 non
1451 2378 1485 2402 re
1501 2393 1512 2407 ‚
1536 2367 1568 2400 8<
1582 2361 1733 2403 moribus
1748 2357 1867 2401 Regu-

404 2445 510 2479 larem
523 2437 614 2475 fuiffe
629 2464 638 2475 ,
650 2448 721 2472 non
735 2434 826 2470 enim
841 2442 918 2466 eum
933 2429 1052 2476 puduit
1070 2431 1298 2461 mercaturam
1310 2425 1472 2452 exercere
1485 2439 1497 2454 ,
1519 2405 1700 2457 vectigalia
1718 2431 1729 2446 ,
1749 2405 1781 2439 &
1799 2403 1870 2438 Pu-

408 2490 559 2525 blicanos
573 2485 752 2521 fraundare
766 2509 777 2522 ,
798 2479 886 2516 varii
900 2475 1035 2524 generis
1051 2482 1177 2508 merces
1190 2468 1324 2515 publice
1345 2473 1461 2501 emens
1477 2486 1488 2500 .
1513 2462 1545 2496 δι
1567 2458 1695 2494 vedens
1709 2481 1717 2488 .
1739 2448 1889 2487 Pluries'

409 2547 484 2571 eum
497 2532 731 2577 corripuerunt
747 2525 893 2565 Praefeffl
908 2521 1118 2559 Monasterio
1132 2545 1142 2558 ,
1168 2515 1347 2560 officioque
1359 2509 1523 2546 Literarii
1535 2507 1719 2555 privarunt
1733 2523 1744 2538 ,
1757 2509 1797 2532 ne
1811 2507 1874 2532 va·

411 2580 514 2629 gandi
527 2579 724 2613 facultatem
737 2578 874 2612 haberet
889 2598 895 2606 .
924 2572 1010 2618 Egre
1026 2570 1058 2604 id
1069 2566 1152 2604 tulit
1166 2562 1375 2600 Romualdus
1387 2584 1397 2597 ‚
1411 2559 1444 2592 ὅ(
1462 2583 1474 2597 ,
1501 2565 1539 2591 ut
1552 2550 1721 2600 pristinam
1733 2545 1875 2580 liberta-

410 2640 481 2663 tem
497 2628 671 2671 reciperet,
683 2625 819 2659 veniam
831 2617 1015 2668 postulavit
1027 2618 1068 2651 ab
1081 2613 1229 2659 Optimo
1241 2608 1397 2653 Principe
1409 2604 1521 2640 nostro
1535 2593 1756 2646 permanendi
1772 2601 1874 2627 extra

409 2674 566 2711 Claustra
579 2671 784 2707 valetudinis
798 2667 1035 2714 recuperanda:
1050 2662 1146 2699 causa
1161 2684 1173 2696 .
1187 2655 1335 2694 Veniam
1348 2653 1508 2691 obtinuit,
1522 2646 1579 2684 sed
1597 2642 1741 2681 arbitrio
1760 2638 1874 2675 P.Ge-

411 2721 534 2758 neralis
552 2746 561 2755 .
596 2719 731 2752 fimens
743 2725 858 2751 autem
875 2741 884 2754 ,
902 2726 943 2748 ne
958 2711 1037 2747 salsa
1051 2737 1061 2751 ,
1079 2721 1153 2756 quae
1170 2711 1384 2742 narraverat,
1398 2701 1641 2745 detegerentur
1654 2718 1664 2731 ,
1678 2699 1794 2736 preces
1809 2687 1875 2720 ob·-

410 2770 493 2806 tulit
518 2769 591 2804 Sac.
604 2762 878 2812 Congregationi
897 2759 1063 2807 Episcopo
1071 2768 1142 2794 rum
1161 2780 1172 2795 ,
1198 2754 1230 2792 &
1246 2749 1478 2797 Regularium
1489 2757 1508 2781 a
1525 2753 1593 2791 qua
1607 2738 1722 2777 audito
1735 2735 1766 2772 N
1772 2734 1876 2818 uincto

1819 2792 1876 2817 on-
