1945 3028
1536 131 1584 175 55³

89 164 126 180 Α»
150 139 292 176 cialium
312 167 322 182 ,
343 143 375 179 δι
392 143 612 192 synodalium
629 147 772 187 affiffant
786 180 796 193 ‚
819 154 850 190 ὅ(
870 154 1081 198 inserviant,
1112 166 1155 198 ne
1168 162 1299 212 duplici
1314 176 1418 204 onere
1428 182 1583 219 graven-

99 213 124 227 ,‚
151 198 226 224 tur.
256 189 318 225 Vl.
336 192 508 230 Sacerdoti
523 199 686 243 deputato
702 226 712 239 ‚
738 211 795 235 aut
810 205 1007 249 deputando
1021 207 1055 241 in
1071 208 1222 247 futurum
1239 216 1343 250 toties
1357 222 1491 262 quoties
1506 223 1576 259 ἀς.

99 260 125 276 ,,
150 247 214 283 pro
227 249 306 272 cura
320 240 511 278 animarum
530 245 563 278 in
582 245 738 282 Ecclesiae
748 246 882 287 Glareae
898 253 1043 291 liberum
1060 282 1069 296 ‚
1098 257 1129 291 ὅ(
1146 258 1389 299 facultativurn
1402 266 1495 302 suiffe
1508 294 1518 307 ,
1535 282 1574 307 ac

82 295 124 323 ·„
151 282 215 317 ess'e
230 309 239 322 ,
262 287 291 320 &
315 288 419 322 etiam
438 288 502 325 esse
528 293 658 328 debere
683 294 799 341 vigore
825 298 994 341 licentiae,
1021 315 1094 350 quoe
1111 317 1128 339 a
1149 306 1262 343 Nobis
1280 335 1288 348 ,
1320 312 1407 345 vela
1426 315 1570 353 Vicario
1619 349 1621 352 ⁴

97 354 123 371 ³,
148 332 259 366 nostro
270 332 429 369 Generali
442 338 481 370 de
493 349 584 374 more
603 343 745 377 concedi
763 343 845 380 solet
861 373 871 387 ,
896 347 1026 388 facere,
1054 354 1244 389 concedere
1258 382 1268 395 ,
1296 359 1518 403 permittere,
1533 366 1565 400 ὅ(

94 402 124 418 2,
149 378 310 426 denegare
325 393 367 416 ea
380 385 515 424 omnia,
539 398 611 432 quae
625 390 740 424 caeieri
755 390 897 428 Parochi
912 395 1079 433 Dioecefis
1096 399 1215 437 nostrae
1242 404 1282 437 ad
1298 405 1565 454 praescriptum

94 449 122 466 2,
146 426 362 463 decretorum
381 428 673 476 provincialium,
696 437 727 471 &
749 438 976 484 Synodalium
1002 457 1191 493 peragere,
1216 451 1248 485 ὅ(
1273 451 1455 496 prohibere
1482 458 1564 503 pos—

94 498 123 512 e,
150 473 224 508 sunt
238 476 303 510 &c.
313 477 424 521 quoad
438 479 593 517 licentias
608 482 783 520 laborandi
799 486 919 525 diebus
938 491 1054 533 Festis,
1068 494 1282 540 dispensandi
1296 510 1314 533 a
1332 499 1416 536 cibis
1447 505 1563 541 vetitis

87 544 121 562 ‚‚
149 530 298 567 tempore
310 523 582 573 Qadragefimae
595 557 606 570 ,
630 542 668 567 ac
680 532 786 568 alium
802 535 1019 575 substituendi
1043 550 1195 588 tempore
1213 545 1376 583 absentia:
1400 549 1560 588 Rectoris

92 591 120 607 2,
146 569 296 613 deputati
314 582 464 616 procura
479 576 665 614 animarum
678 602 689 613 .
718 580 796 617 Vll.
815 584 1012 622 Annualem
1033 589 1244 629 oblationem
1269 593 1373 630 Cerei
1396 597 1560 636 librarum

91 640 119 656 2,
145 615 285 651 duarnm
303 620 438 656 nomine
450 621 602 659 Ecclefiae
615 652 626 665 ‚
651 638 689 661 ac
705 626 824 674 Populi
848 631 984 670 Glareae
1007 637 1149 671 omnino
1166 640 1231 675 effe
1258 641 1452 679 faciendam
1469 645 1560 683 sesto

93 687 119 703 2,
142 661 195 696 die
207 664 240 698 S.
252 663 392 702 Bafliam'
403 667 495 704 inter
512 670 689 709 Miffarum
702 674 863 714 solemnia
877 681 910 714 in
921 681 1063 718 Ecclesia
1077 683 1274 733 Collegiata
1288 688 1482 727 Piceleonis
1493 695 1559 731 &c.

90 735 118 751 2,
143 710 174 744 &
191 714 388 756 praemonito
399 726 591 763 opportune
605 718 748 758 Rectore
764 723 918 764 Ecclefiae
931 728 1066 767 Glareae
1079 757 1090 770 ‚
1117 736 1385 777 permittendum
1401 738 1507 780 fuisse,
1520 743 1557 777 ὃς

91 783 118 798 ,,
142 756 206 791 esse
217 758 298 794 dicti
311 760 445 799 Rectori
459 764 652 804 Piceleonis
667 797 675 811 ,
700 771 755 806 seu
766 773 836 815 ejus
852 773 1030 813 substituto
1045 779 1286 819 Sanctiffimum
1300 784 1557 825 Sacramentum

91 830 119 846 ‚‚
143 803 356 844 Eucharistiae
371 810 501 848 sumore
516 815 558 849 ab
571 817 687 852 Altari
703 818 738 852 in
753 821 874 857 eadem
891 823 1037 862 Ecclesia
1051 826 1185 865 Glareae
1211 844 1272 878 pro
1292 831 1474 870 deferendo
1497 845 1557 872 to-

95 879 120 894 „
144 852 208 888 ties
217 856 348 899 quoties
361 869 445 904 opus
459 858 559 897 fuerit
572 889 582 902 ,
609 863 750 901 viatico
765 869 911 905 infirmis
927 896 937 906 .

42 899 160 936 Laudi
175 901 271 942 hujus
288 902 510 949 ignorantiam
525 909 648 957 allegat
663 911 866 960 Capitulum
888 918 1092 970 Collegiatae
1118 925 1270 963 Ecclesiae
1296 929 1489 966 Piceleonis
1513 934 1555 968 ad

92 959 218 983 annum
232 949 332 995 usque
352 961 446 1000 1744.
457 980 468 994 ,
491 967 648 999 quocum
661 959 751 997 illud
768 964 943 1002 resciverit
959 995 969 1008 ,
992 972 1188 1017 appellavit
1202 1001 1212 1014 ,
1238 978 1268 1010 ἂ
1284 977 1323 1010 ad
1337 976 1402 1012 hoc
1416 979 1555 1015 Sacrum

91 995 264 1030 Tribunal
278 999 394 1039 venit,
420 1001 498 1041 sed,
520 1003 691 1053 Episcopo
702 1019 772 1045 non
786 1011 986 1051 rescribente
1001 1045 1010 1058 ,
1036 1020 1135 1062 plura
1160 1033 1373 1064 evenerunt,
1396 1025 1427 1060 δι
1443 1028 1554 1072 primo

89 1054 167 1078 cum
180 1042 294 1078 Incola
309 1047 441 1091 quidam
457 1047 561 1096 Burgi
574 1051 711 1091 Glareae
729 1058 894 1095 infantem
907 1063 1083 1101 detulisset
1110 1067 1154 1102 ad
1177 1070 1411 1117 Collegiatam
1426 1073 1552 1109 Eccle—

28 1122 33 1131 ,
88 1089 170 1124 fiam
185 1089 374 1128 Piceleonis
384 1095 482 1131 Sacro
496 1096 704 1144 Baptismate
719 1105 920 1143 lustrandum
934 1136 944 1149 ‚
972 1112 1061 1154 iussit
1074 1114 1182 1150 Curia
1211 1117 1424 1165 Episcopalis
1437 1147 1446 1159 ,
1477 1132 1515 1156 ut
1529 1134 1550 1157 e

87 1136 187 1171 libris
199 1138 426 1176 nominalibus
439 1142 597 1182 Ecclefiae
611 1147 814 1198 Collegiatae
831 1155 971 1193 infantis
985 1171 1108 1196 nomen
1123 1162 1289 1200 deleretur
1301 1192 1311 1205 ,
1328 1167 1454 1207 adjecta
1471 1181 1551 1213 poe-

81 1195 130 1219 ·,na
146 1182 332 1221 Canonicis
345 1199 481 1227 centum
495 1204 674 1231 aureorum
690 1223 701 1240 ,
726 1199 748 1233 fi
769 1200 884 1238 futuro
897 1213 1048 1252 tempore
1061 1209 1155 1245 idem
1169 1222 1329 1257 agerent.
1353 1216 1412 1249 Sed
1428 1242 1438 1255 ,
1452 1217 1549 1252 adito

73 1560 127 1596 les
142 1589 151 1602 ,
175 1563 278 1608 qui&
292 1564 496 1614 Capitulum
507 1572 708 1622 Colle'giatae
724 1577 877 1620 Ec'clefiee
893 1587 1085 1625 Piceleonis
1109 1589 1160 1625 uti
1180 1603 1300 1628 verum
1315 1593 1541 1633 pamelium„

72 1618 349 1662 *recognoverunt
363 1642 372 1655 ‚
398 1618 562 1664 padlauue
584 1633 826 1666 convenerunt
850 1643 925 1669 cum
941 1647 980 1670 eo
998 1637 1038 1671 de
1053 1636 1286 1676 functionibus
1304 1642 1449 1688 agendis
1475 1644 1542 1679 in...

73 1656 240 1692 Oratorio
254 1685 264 1698 ‚
286 1661 320 1696 8(
332 1666 564 1709 appellatione
578 1670 618 1705 ad
631 1672 941 1722 Metropolitanum
958 1684 1155 1732 interposita
1167 1711 1177 1725 ‚
1204 1687 1401 1726 sententiam
1417 1691 1542 1726 Provi-

72 1701 238 1756 fionalem
254 1708 502 1754 obtinuerunt,
524 1726 561 1751 ut
577 1718 638 1754 lite
652 1723 818 1767 pendente
830 1753 840 1766 ,
857 1727 1044 1767 funfflones
1060 1732 1294 1771 Ecclcfiasticae
1311 1734 1393 1772 fiant
1405 1737 1438 1772 in
1449 1739 1544 1774 Ora...

60 1753 388 1794 *iorloasacerdote
402 1787 412 1800 ,
435 1773 536 1808 quem
554 1765 742 1814 Episcopus
758 1775 952 1812 nominaret
967 1803 975 1813 .
1007 1780 1170 1826 Denique
1191 1793 1267 1818 cum
1293 1783 1457 1830 superiori
1483 1798 1542 1822 an·

69 1809 117 1833 no
136 1805 230 1846 1748,
245 1804 294 1845 Jo:
310 1803 456 1852 Baptista
472 1810 609 1850 ssorsani
623 1841 633 1854 ,
660 1817 849 1856 &Carolus
865 1822 1085 1862 Lombardini
1102 1828 1310 1865 Mercatores
1330 1831 1428 1879 Burgi
1452 1833 1541 1868 Gla-

66 1857 136 1883 -reae
150 1858 354 1896 praeceptum
373 1856 533 1893 Paschale
549 1859 776 1906 implevissent
790 1868 824 1902 in
839 1868 988 1906 Ecclesia
1007 1873 1208 1919 Collegiata
1227 1877 1418 1914 Piceleonis
1432 1905 1443 1919 ,
1468 1881 1537 1915 de-

56 1894 191 1929 *tiarati
205 1896 341 1935 fuerunt
355 1913 373 1936 a
388 1902 494 1939 Curia
509 1905 702 1952 Episcopali
716 1917 1001 1953 excommunicati
1012 1944 1020 1952 .
1051 1921 1225 1957 Adierunt
1255 1923 1303 1958 ili
1317 1924 1379 1960 hoc
1395 1926 1536 1962 Sacrum

67 2221 225 2273 Episcopi
240 2219 341 2277 ,¹q'uae
362 2232 457 2277 supra
479 2234 632 2273 distinsse
656 2242 837 2280 retulimus
852 2272 862 2285 ,
889 2248 1038 2284 eversam
1068 2251 1163 2287 fuisse
1191 2253 1428 2292 definitionem
1444 2285 1453 2297 ‚
1474 2270 1532 2294 re-

70 2268 293 2323 sponsumque
313 2279 415 2331 ·Sacri
433 2282 530 2325 hujus
546 2284 749 2337 Tribunalis
774 2291 880 2327 latum
894 2321 904 2333 ,
928 2305 964 2331 ut
979 2296 1124 2335 diximus
1141 2326 1151 2339 ‚
1174 2302 1227 2336 die
1243 2304 1452 2345 1¹.Jan11arii
1469 2319 1534 2341 an-

62 2321 1178 2435 Eztgfssa&1332ssssssssss35335335'251ssz⁰f5sffeitffiffiz¹ss¹¹3¹3
1190 2351 1532 2436 zssslsssc‘zlffsfss'gssft

67 2411 196 2458 legiam
209 2417 394 2458 Piceleonis
412 2423 448 2459 fit
462 2436 541 2461 vera
557 2453 566 2466 ,
592 2429 623 2462 δι
638 2431 735 2467 unica
749 2444 872 2470 eorum
884 2436 1094 2476 Parochialis
1109 2454 1150 2477 ex
1168 2444 1329 2490 responso
1345 2447 1530 2493 Ampliffi-

67 2469 196 2495 :morum
210 2464 364 2516 Parrum,
384 2469 551 2518 integrum
567 2474 616 2510 eis
632 2477 727 2513 fuisse
745 2506 754 2520 ,
769 2482 824 2516 vel
840 2483 1038 2524 adjutricem
1053 2487 1149 2524 Eccle
1167 2504 1234 2526 iam
1251 2518 1261 2530 ‚
1281 2492 1393 2538 qualis
1408 2494 1469 2529 illa
1484 2497 1530 2530 est

69 2505 122 2542 SS.
136 2509 268 2545 Rocchl
289 2541 301 2564 ,Ι
316 2514 347 2548 ὅι
362 2517 543 2555 Sebastiam·
557 2522 694 2560 Glareae
708 2551 716 2563 ,
742 2529 798 2563 vel
813 2528 1050 2571 parochialem
1065 2537 1169 2583 ipsam
1183 2540 1274 2573 adire
1285 2566 1294 2578 ‚
1316 2541 1527 2578 utPaschale

66 2564 277 2604 prs-:ceptum
292 2563 467 2606 implerent
479 2592 489 2606 ,
511 2571 598 2615 quod
610 2571 653 2606 ab
668 2573 730 2609 hoc
745 2575 847 2611 Sacro
863 2577 1049 2617 Tribunali
1077 2585 1203 2619 dudum
1226 2587 1408 2624 definitum
1431 2589 1526 2625 fuisse

7 2622 9 2628 ,
65 2600 194 2656 dicunt·
206 2605 238 2640 in
257 2608 417 2650 caffiznen.
435 2614 753 2659 Difmembrationis
767 2634 826 2658 22.
840 2629 916 2667 ‘71¹l·
933 2641 1016 2665 anno
1036 2641 1134 2676 1741.
1154 2636 1184 2666 A
1197 2633 1399 2671 Promotore
1415 2637 1527 2673 Fisca-

64 2646 92 2681 11
107 2647 224 2687 Curiae
238 2652 450 2704 Episcopalis
466 2660 698 2703 Cremonensis
715 2669 798 2706 nihil
818 2672 997 2712 habuimus
1011 2702 1018 2710 .
1044 2678 1126 2713 Duo
1139 2691 1224 2715 vero
1241 2682 1361 2718 Dubia
1376 2710 1384 2721 ,
1399 2696 1469 2730 quae
1484 2688 1525 2719 ab

62 2693 341 2738 Eminentiffiini's
358 2706 515 2744 Patribus
528 2709 717 2750 definienda
733 2716 809 2754 sunt
823 2746 834 2760 ,
853 2725 999 2768 repetita
1016 2726 1145 2772 pridem
1165 2728 1306 2765 leClione
1334 2731 1409 2767 solii
1425 2733 1527 2766 Con-

163 2750 377 2791 Tom.XVIII.
940 2770 956 2806 1
1403 2790 1524 2826 grega-
