1945 3028
1529 49 1543 73 1
1554 49 1570 79 S

107 89 247 122 mulam
276 112 284 124 ,
322 92 533 131 proponatur
558 85 658 126 causa
681 94 745 118 una
768 94 842 117 cvm
879 81 953 117 alia
979 83 1084 129 super
1104 82 1244 128 negocio
1273 83 1498 130 Ῥνῐηεὶραίἱ,
1522 89 1566 122 &-

105 136 253 182 amplius
272 151 291 157 —
319 128 374 166 Ne
398 130 539 165 obulum
563 139 679 165 tamen
701 127 991 164 subministratum
1013 128 1039 162 a'
1053 127 1130 164 viro
1153 127 1250 162 fuisse
1279 127 1387 163 refert
1413 130 1569 173 Joanna,

105 193 178 227 qute
201 180 249 215 ob
264 179 293 214 id
309 177 452 224 postulat
467 204 477 218 ‚
500 188 538 213 ut
553 177 594 212 ab
606 175 883 212 Eminentiffimis
902 175 1060 210 Patribus
1073 173 1253 210 definiatur
1273 175 1435 214 Dubium
1451 204 1462 218 ,
1475 179 1566 224 quod

105 232 142 264 in
158 235 314 274 Congreg.
328 229 395 262 diei
409 237 461 269 14.
480 225 688 272 Septembris
702 221 881 272 definitum
904 233 974 258 non
1000 222 1064 258 fuit
1078 249 1089 263 ‚

58 277 118 312 idn
132 299 141 314 ,
155 281 198 314 cj-
214 265 249 311 ἶη
262 276 469 321 qnasi-(mma
480 272 666 309 debeantur
681 271 847 308 alimenta
861 297 872 312 ,
886 270 1093 319 &sumptus
1110 267 1190 306 licis
1204 271 1237 308 itt
1257 271 1332 315 casu
1351 276 1426 311 &a

196 383 386 434 Dilata
422 382 490 433 ad
515 381 823 449 sequentem
845 419 859 432 .

152 510 418 550 UCEORIEN.
445 511 754 548 NULLITATIS
778 508 1125 547 MATRIMONII:
1150 507 1202 545 Ex
1227 508 1389 546 Testibus
1412 511 1502 546 datis
1521 520 1555 547 in
1599 522 1805 562 ges}‚24„s‚1.

163 560 316 606 ‘Processu
347 561 562 607 remifforiali
586 559 685 601 huius
708 558 849 599 Causae,
872 558 966 600 cujus
980 556 1128 604 species,
1154 568 1191 593 ut
1215 557 1382 599 diximus,
1409 560 1553 594 habetur
1594 575 1634 610 de
1650 571 1793 616 refiMas

100 612 135 643 in
153 610 246 644 Folio
273 611 546 655 congregationis
570 607 692 642 habitae
704 610 757 643 die
774 617 825 647 14,
839 606 1048 654 Septembris
1065 606 1259 653 superioris
1280 609 1384 646 anni,
1410 619 1550 654 quaeque

100 655 250 701 Imperio
264 654 607 690 Eminentislimornm
622 654 759 691 Patrum
773 654 974 700 proponitur
990 663 1068 688 cum
1094 653 1206 688 altera
1217 655 1426 701 praecedenti
1444 655 1547 702 >βψω·

100 704 280 739 alimentis
306 728 316 741 ,
351 707 394 738 c&
414 702 606 751 sumptibus
625 703 727 742 litis,
761 699 890 738 constat
912 700 1066 736 aversum
1086 697 1215 748 semper
1239 698 1336 736 fuisse
1361 699 1546 737 animum-2

100 749 238 790 Joannae
251 748 394 786 Czaekae
417 762 437 784 a
460 750 687 787 Matrimonio
699 761 777 786 cum
790 749 889 786 Petro
901 746 1121 784 Karzevvski
1138 772 1150 784 .
1178 747 1227 783 Ut
1244 749 1336 783 enim
1349 748 1445 785 Petri
1459 759 1544 783 con-

93 796 203 833 filium
219 797 359 844 agnovit
373 822 382 837 ,
413 808 475 833 nec
498 796 658 844 lacrymis
679 796 832 844 pepercit
857 807 1016 841 umquam
1038 805 1101 830 nec
1120 795 1232 832 verbis
1249 822 1259 835 ,
1282 795 1404 841 quibus
1430 793 1544 842 posset

93 844 201 880 animi
216 845 266 880 sui
283 844 416 891 nuptiis
439 846 678 881 abhorrentem
689 844 844 892 aperire3
868 843 981 878 Frusta
1003 851 1117 879 tamen
1143 870 1154 884 ‚
1178 854 1257 878 nam
1282 843 1385 878 Pater
1412 842 1545 878 officiis

94 892 245 939 supremi
267 890 721 933 CastellaniCracovienfis,
746 902 812 939 quo
825 891 943 927 Petrus
964 890 1040 926 usus
1055 890 1124 933 est,
1155 899 1195 926 ut
1219 890 1279 925 has
1308 891 1446 937 nuptias
1460 901 1545 926 con-

95 939 258 978 ciliaret,
280 938 454 980 devictus,
474 952 494 975 a
517 939 692 988 proposito
704 937 872 975 dimoveri
897 949 1082 985 numquam
1104 937 1240 984 potuit:
1264 949 1374 985 neque
1397 938 1423 971 P
1438 937 1543 974 uellae

92 985 421 1031 decimumquartum
432 988 540 1023 aetatis
551 999 675 1024 annum
691 986 805 1034 agenti
831 985 1009 1034 quicquam
1030 985 1229 1032 profuerunt
1255 985 1373 1021 mixtae
1399 983 1541 1020 fletibus

93 1043 208 1080 preces
223 1059 232 1072 ‚
285 1045 340 1068 uas
354 1032 444 1069 Patri
469 1035 628 1081 quotidie
643 1032 865 1072 effundebat,
889 1044 996 1079 neque
1027 1032 1213 1069 amicorum
1229 1058 1240 1072 ‚
1261 1033 1296 1068 ὅτ
1322 1031 1533 1078 consangui-

93 1091 233 1115 neorum
286 1080 388 1120 udia,
410 1082 442 1119 &
458 1083 567 1119 officia
581 1108 592 1123 ,
618 1083 855 1119 Matronarum
870 1106 881 1121 ,
906 1081 1132 1126 virorumque
1153 1079 1338 1116 Nobilium
1367 1090 1545 1115 commen-

92 1125 252 1162 dationes
265 1155 275 1168 ‚
301 1128 421 1171 quibus
442 1130 649 1166 obduratum
664 1128 773 1165 Patris
786 1128 933 1165 animum
952 1127 1106 1179 quotidie
1133 1127 1396 1176 aggrediebatur
1407 1152 1429 1178 ἢ,
1443 1138 1542 1174 opem

91 1173 203 1209 ullam
219 1175 250 1209 ei
273 1175 522 1222 praestiterunt:
551 1185 750 1223 perpetuum
763 1176 852 1210 enim
864 1183 936 1209 erat
958 1185 993 1208 in
1007 1186 1062 1209 ore
1075 1175 1168 1210 illius
1191 1185 1348 1211 carmen:
1375 1173 1540 1214 Fidem-s.

91 1232 192 1266 quam
216 1223 375 1262 dederat,
402 1222 524 1259 fallere
547 1236 613 1260 non
638 1222 747 1269 posse.
778 1223 852 1257 Nec
867 1231 979 1257 tamen
1003 1221 1092 1267 spem
1113 1222 1246 1265 abjecit
1274 1223 1403 1265 Joanna
1419 1248 1429 1261 ,
1459 1232 1541 1258 nam

89 1268 311 1304 Luceoriensi
323 1268 490 1317 Episcopo
503 1297 513 1311 ,
534 1270 592 1317 qui
613 1271 652 1305 ad
668 1268 913 1304 Monasterium
926 1293 936 1308 ‚
965 1269 999 1303 in
1015 1280 1081 1315 quo
1097 1269 1167 1315 ipsa
1189 1276 1262 1305 erat
1276 1294 1288 1308 ,
1310 1269 1432 1308 venit,
1445 1268 1541 1304 nolle

88 1314 230 1350 omnino
254 1316 311 1351 has
328 1316 441 1361 nuptis
463 1317 665 1354 contrahere
690 1316 878 1352 declaravit
896 1343 905 1355 ‚
930 1316 961 1351 &
978 1315 1000 1350 fi
1013 1327 1192 1362 cogeretur
1206 1343 1217 1356 ‚
1238 1327 1314 1351 eum
1333 1316 1367 1351 in
1384 1314 1538 1356 Testem,

89 1363 305 1397 Advocatum
319 1387 329 1400 ‚
352 1362 504 1404 Judicem
520 1365 653 1410 accepit
666 1388 676 1398 .
689 1362 727 1398 ln
742 1363 829 1399 aedes
845 1365 1004 1399 Paternas
1018 1365 1153 1400 redusta
1167 1363 1226 1408 ipsi
1242 1363 1369 1409 Sponso
1381 1362 1537 1399 animum

88 1409 183 1444 suum
195 1410 332 1455 aperuit
347 1436 357 1450 ,
381 1422 523 1458 eumque
546 1412 703 1458 rogavit,
732 1420 769 1446 ut
792 1413 832 1446 ab
845 1412 895 1447 his
917 1411 1044 1456 nuptiis
1061 1414 1234 1448 recederet
1283 1411 1366 1445 Haec
1380 1421 1456 1446 cum
1467 1410 1537 1444 Pa-

86 1464 138 1491 ter
156 1456 363 1502 cognovisset
378 1483 389 1498 ‚
416 1458 512 1494 Filiae
527 1486 536 1501 ,
556 1460 591 1494 ni
609 1459 814 1494 sententiam
828 1468 973 1494 mutaret
987 1487 996 1500 ‚
1018 1459 1050 1495 ὅ(
1063 1458 1199 1495 Petrum
1214 1458 1338 1494 Virum
1352 1458 1536 1504 reciperet,

84 1513 283 1549 perpetuam
304 1505 541 1551 virginitatem
567 1508 602 1542 in
616 1506 796 1547 elaustro,
829 1507 861 1542 δι
885 1506 1031 1542 verbera
1055 1507 1180 1543 indixit
1206 1530 1218 1541 .
1245 1505 1428 1542 Luauosus
1463 1505 1535 1548 jam

83 1550 158 1585 dies
180 1551 378 1597 nuptiarum
397 1551 606 1597 advenerat,
634 1563 748 1600 parata
762 1562 856 1589 erant
875 1554 1011 1592 omnia5
1037 1553 1156 1589 domus
1172 1563 1285 1589 tamen
1305 1553 1509 1588 clamoribus
1522 1579 1534 1595 ,

84 1598 117 1633 &
131 1599 277 1644 querelis
291 1625 302 1641 ‚
325 1601 357 1634 &
380 1599 544 1637 foemineo
565 1601 698 1637 ululatu
719 1601 868 1647 undique
882 1601 1079 1637 resonabat.
1105 1600 1310 1638 Kiovxenfis
1340 1600 1532 1647 Episcopus

81 1643 342 1681 Pontificalibus
357 1647 503 1684 vestibus
516 1649 651 1684 indutus
664 1648 823 1692 Sponsam
836 1650 1032 1695 expectabat
1044 1673 1054 1687 ,
1077 1650 1106 1684 {51
1123 1660 1201 1684 cum
1215 1649 1249 1683 in
1265 1645 1446 1683 Ecclesiam
1463 1657 1535 1682 non

81 1693 220 1727 veniret
238 1719 249 1732 ,
274 1693 342 1736 jam
355 1694 462 1730 vestes
473 1696 664 1741 deponere,
687 1697 719 1731 δι
733 1696 775 1730 ab
789 1696 932 1731 Ecclesia
958 1695 1126 1731 discedere
1145 1696 1366 1731 meditabatur
1385 1721 1395 1734 ,
1425 1694 1535 1731 Venit

80 1738 145 1774 illa
168 1739 309 1791 tandem
329 1767 340 1781 ,
375 1741 430 1777 sed
454 1743 502 1777 ita
524 1741 643 1783 venit,
666 1750 704 1778 ut
727 1745 766 1779 ad
793 1741 889 1779 funus
911 1745 1048 1790 potius,
1071 1755 1172 1791 quam
1195 1744 1234 1779 ad
1257 1743 1392 1789 nuptias
1404 1753 1537 1787 protra-

79 1787 131 1820 cta
154 1788 350 1824 vrdereturt
373 1800 486 1836 neque
509 1790 673 1826 solemnia
695 1792 797 1826 verba
823 1789 1035 1836 protulisset,
1061 1790 1123 1826 nist
1139 1790 1247 1826 Patris
1261 1789 1439 1837 praesentia
1454 1801 1533 1826 eam

78 1832 260 1879 impuliffet
274 1860 286 1871 .
312 1836 420 1872 Nocte
434 1838 475 1872 ad
491 1837 557 1873 viri
583 1837 768 1873 thalamum
788 1836 949 1884 perducta
970 1837 1096 1874 bellum
1108 1838 1230 1874 habuit
1243 1848 1322 1874 curn
1337 1838 1418 1873 viro
1438 1865 1446 1877 ‚
1472 1849 1532 1874 re-

78 1883 293 1918 manentibus
315 1882 466 1931 vestigiis
484 1895 677 1931 pugnorum
699 1885 736 1920 in
765 1886 866 1920 vultu
887 1885 1052 1919 cont-ioso
1077 1885 1145 1919 viri
1163 1910 1172 1922 ‚
1196 1895 1296 1929 quem
1320 1884 1449 1926 semper
1472 1883 1530 1919 fu-

75 1929 152 1974 git,
176 1929 307 1976 seseque
327 1931 368 1966 ab
391 1944 434 1966 eo
460 1931 669 1967 inviolatam
693 1930 862 1969 servavit.
886 1930 1088 1980 Patremque
1112 1928 1238 1964 affiduo
1255 1929 1435 1964 certiorem
1452 1932 1530 1967 red-

75 1976 159 2010 dere
181 1987 248 2012 non
273 1977 425 2017 destitit,
447 1987 484 2012 ut
507 1987 645 2012 curaret
669 1977 728 2012 has
750 1976 888 2021 nuptias
908 1975 1039 2011 diffolvr
1063 2000 1075 2010 .
1103 1974 1267 2014 Caetera.
1307 1987 1382 2022 quae
1407 1978 1528 2014 inde...

78 2032 289 2064 evenerunt,
312 2033 491 2060 narrantur
505 2024 636 2068 infolio
652 2026 933 2074 congregationis
946 2023 1071 2059 habnae
1094 2025 1128 2058 d·
1155 2020 1210 2060 die
1244 2031 1297 2063 14.
1316 2029 1528 2071 Septembris

0 2107 2 2112 ,
77 2072 242 2115 transtra?
262 2075 343 2108 anni
369 2096 382 2109 0

29 2113 163 2163 Excipit
176 2117 295 2154 Petrus
308 2118 404 2156 testes
416 2119 514 2156 datos
526 2131 545 2156 a
564 2120 692 2162 Joanna
715 2118 898 2156 familiares
912 2118 983 2161 ejus
1009 2117 1073 2155 esse
1090 2145 1101 2158 ‚
1121 2117 1321 2164 nullamque
1336 2116 1378 2153 iis
1392 2118 1525 2158 haben·-

76 2163 152 2199 dam
170 2163 234 2200 esse
255 2165 377 2203 fidem:
406 2167 572 2210 Joannam
584 2166 687 2212 ipsam
711 2165 943 2202 contractibus
961 2178 977 2200 a
996 2165 1097 2201 Petro
1111 2164 1207 2201 initis
1222 2163 1271 2201 aff
1281 2163 1352 2200 iisse
1371 2192 1381 2206 ,
1395 2168 1524 2212 episto-

76 2209 124 2245 las
145 2211 304 2260 scripsisse
318 2241 328 2255 ‚
351 2215 388 2250 in
410 2215 531 2261 quibus
548 2214 638 2262 ligna
649 2223 745 2250 erant
764 2213 912 2260 plurima
924 2215 1047 2249 amoris
1068 2211 1138 2258 post
1158 2214 1367 2249 contractum
1390 2213 1520 2252 Matri-

75 2259 249 2297 monium.
274 2260 470 2308 Respondet
482 2262 631 2304 Joanna‚
655 2273 763 2309 neque
787 2272 903 2296 omnes
931 2260 1029 2297 testes
1049 2259 1235 2297 familiares
1260 2259 1326 2296 ess'e
1343 2287 1355 2301 ‚
1377 2261 1407 2295 ἃ
1432 2273 1521 2299 con-

76 2304 274 2352 sanguineos
286 2334 296 2348 .
319 2321 427 2356 neque
444 2309 487 2346 iis
501 2335 512 2349 ,
536 2308 558 2344 fi
580 2308 686 2346 essent
699 2335 708 2348 ,
724 2306 828 2345 sidem
848 2308 1038 2354 negandam
1053 2335 1062 2348 ‚
1075 2318 1154 2344 cum
1171 2319 1211 2343 ea
1223 2335 1233 2348 ‚
1254 2320 1329 2356 quae
1341 2308 1432 2343 domi
1459 2323 1519 2358 ge.

72 2350 120 2387 sta
148 2352 247 2394 sunt,
269 2355 330 2392 alii
347 2364 443 2396 extra
466 2356 602 2393 domum
626 2356 743 2394 rescire
769 2364 918 2401 queant:
942 2354 1069 2391 affuisse
1095 2356 1324 2392 contractibus
1341 2356 1378 2391 vi
1399 2383 1410 2397 ‚
1443 2369 1517 2393 rne-

71 2407 178 2446 tuque
187 2401 465 2452 coactaeepistolas
477 2402 599 2440 dedisse
610 2415 676 2439 non
693 2414 735 2439 ex
749 2403 854 2438 animi
868 2402 1104 2442 sententia‚sed
1113 2404 1169 2439 vel
1182 2401 1304 2446 officiis
1319 2402 1444 2447 divicta
1458 2407 1516 2443 vel

71 2456 180 2487 metu,
191 2447 280 2494 signa
298 2451 418 2488 amoris
433 2449 510 2487 ficta
527 2477 536 2491 ,
551 2452 582 2487 δι
597 2451 750 2487 simulata
761 2477 772 2491 ‚
786 2461 865 2486 nam
883 2449 907 2486 fi
918 2461 1011 2486 amor
1023 2449 1180 2490 affuisset,
1193 2462 1264 2486 non
1278 2450 1517 2496 obstrepuiffet

71 2495 190 2531 domus
216 2497 408 2542 conviciis,
428 2499 636 2548 jurgiisque,
662 2499 806 2546 integris
825 2499 921 2535 annis
958 2507 1108 2535 uatuor.
1134 2497 1243 2534 Addit
1265 2498 1336 2533 haec
1362 2508 1432 2534 non
1460 2499 1518 2536 sa-

69 2553 170 2582 cere,
194 2551 234 2579 ut
248 2543 505 2583 Matrimonium
518 2573 528 2587 ‚
550 2549 637 2593 quod
659 2546 789 2583 defectu
807 2546 933 2582 consen
952 2557 988 2582 us
1002 2546 1136 2583 nullum
1149 2545 1214 2584 suit
1242 2544 1288 2583 ab
1311 2544 1414 2582 initio
1427 2573 1440 2590 ,
1452 2560 1518 2596 po-

68 2598 173 2625 tuerit
193 2591 455 2630 convalescere.
477 2595 659 2635 Dubium,
683 2595 773 2642 quod
790 2593 1093 2641 proponitur,est.

19 2645 78 2675 An
103 2639 226 2682 constet
238 2641 277 2675 de
292 2641 457 2678 nullitate
474 2645 689 2680 Matrimonii
705 2646 739 2678 in
753 2645 830 2690 casu
853 2648 929 2682 &c-

154 2687 347 2743 Dilata
381 2691 447 2743 ad
465 2688 763 2759 sequentem
798 2726 811 2747 .
1413 2754 1487 2794 Die
