1978 3017
228 157 271 191 36
605 142 1357 187 INDEXCONCLUsiONmu

386 200 465 236 ’.ΑΒ
483 204 520 238 'N
535 207 559 236 ο
579 204 652 234 ΤΛ
667 205 693 233 T
704 204 721 231 Ι
734 205 757 233 o
773 226 780 232 .

184 248 383 289 Notandum
397 248 443 282 est
459 275 468 288 ‚
494 257 531 282 ut
544 246 677 282 Clerici
692 243 860 291 percussor
883 244 978 279 dica-

229 306 285 332 tut·
300 296 453 330 notorius
469 322 479 334 ,
507 295 603 329 hodie
624 305 693 328 non
708 293 854 327 sufficere
879 301 977 325 noto·

229 343 314 377 rium
329 343 416 384 juris
433 370 441 382 ‚
467 341 520 376 sed
537 341 665 387 requiri
679 342 783 374 etiam
809 338 978 374 notorium

232 390 305 424 facti
323 417 332 429 ‚
360 390 448 435 quod
465 389 560 423 nulla
575 386 851 434 tergiversatione
870 384 977 421 celari

231 438 326 482 poflit
344 463 353 476 ‚
381 445 418 470 ut
434 435 533 471 docet
552 439 768 471 covaruvias
786 437 820 470 in
836 446 907 480 cap.
924 434 980 467 al-

230 497 328 532 mtzp.
349 495 413 518 1.c.
429 494 462 518 2.
475 497 505 519 n.
520 495 550 529 9.
566 486 599 517 in
621 482 668 524 sin
693 483 858 528 Avilap.
873 490 902 514 2.
919 481 981 522 dis-

227 540 303 577 put.
316 540 346 565 2.
364 530 487 576 dubus..
513 556 523 569 ,
549 530 655 563 immo
669 528 691 562 si
711 528 829 562 fadum
854 527 890 561 sit
919 538 979 561 no-

233 578 363 612 torium
379 604 388 617 ‚
415 577 437 611 st
451 587 563 612 tamen
581 577 664 619 juris
688 576 828 610 dubium
854 573 955 609 subsit
973 601 982 614 ‚

231 623 311 669 quia
327 625 487 670 percussio
504 624 586 658 facta
597 622 635 657 fit
650 623 684 656 in
699 622 901 657 vehemente
914 622 984 667 pas-

232 671 323 706 sione
340 672 398 707 irae
415 697 424 711 ,
439 672 494 717 qui
509 674 554 705 ita
571 670 726 715 percussit
741 668 903 710 vitandus
918 679 984 703 non

230 718 276 752 est
286 727 423 764 prop-ter
432 720 533 753 verba
545 716 667 752 Conci]
677 717 698 750 ii
715 717 760 749 ibi
772 729 779 747 ε
794 724 854 750 aut
867 716 984 761 aliquo

226 766 493 812 jttrsissttffr-igio
517 766 676 807 excusari
693 765 810 810 poffit:
836 761 983 795 Utrum-

231 824 296 859 que
308 812 343 847 in
357 812 432 847 casu
448 837 458 850 ,
473 813 512 846 de
527 824 595 858 quo
611 810 705 856 supra
719 836 728 849 ,
742 809 984 849 concurrebat,

232 871 353 905 nempe
367 860 505 893 dubium
519 858 594 893 faeti
613 885 621 898 ,
646 869 688 891 an
704 854 895 901 percusserit
907 881 915 894 ‚
928 856 985 889 du-

234 906 327 941 bium
341 907 423 949 juris
437 933 447 945 ‚
471 906 550 952 quia
568 906 601 940 in
616 904 756 949 pastione
772 902 874 937 iraeid
902 902 985 936 sorte

232 954 403 991 tentavit‚
415 954 501 987 unde
515 952 642 998 optime
656 951 726 985 Sac.
743 949 913 984 Tribunal
929 949 986 984 sub

231 1010 375 1046 utroque
388 1000 492 1034 dubio
506 998 582 1033 faoi
599 1024 608 1036 ‚
625 999 655 1032 ὃ(
672 998 754 1040 juris
771 996 985 1039 censuitnul—

232 1048 304 1082 lam
334 1046 505 1083 incursam
534 1045 628 1081 fuiffe
656 1044 830 1080 censuram
861 1050 937 1078 Can.
957 1042 987 1085 fi

231 1095 481 1142 quisfuadente
497 1120 507 1133 ,
534 1105 605 1139 quae
625 1091 786 1126 resolutio
806 1089 985 1132 juridica-J

233 1140 301 1181 est,
327 1142 357 1175 &
373 1140 556 1175 conformis
571 1138 747 1174 sententiis
774 1137 982 1183 Theologo-

232 1200 308 1223 rum
323 1214 333 1226 ,
358 1193 388 1223 ὄι
406 1188 669 1223 canonistarum
683 1213 692 1225 ,
717 1194 755 1230 ut
774 1187 858 1226 bene
873 1184 982 1229 expli-

232 1244 289 1271 cat
305 1235 420 1271 Avila
430 1244 465 1283 p.
491 1245 523 1271 2.
539 1250 568 1271 c.
581 1238 614 1270 6.
631 1236 752 1282 disput.
773 1243 817 1267 ιι.
834 1231 909 1268 dab.
932 1242 982 1268 ιι.

231 1288 275 1319 φ
301 1292 351 1319 12.

420 1331 450 1366 C
481 1332 514 1366 H
542 1331 575 1366 O
602 1332 630 1365 R
658 1330 692 1365 U
719 1330 738 1365 S
754 1355 762 1364 .

186 1377 310 1413 Reum·
331 1377 504 1423 Capnellae
530 1379 559 1411 S.
582 1377 787 1422 Hieronymi
806 1376 908 1422 primi
931 1384 985 1410 te-

231 1433 333 1460 netur
347 1427 385 1460 ad
403 1424 581 1460 servitium
593 1424 702 1459 Chori
714 1424 748 1457 in
762 1421 904 1458 Ecclesia
918 1423 985 1456 Ca-

232 1471 604 1507 thedraliCaesenaten.
620 1471 784 1506 indictum
797 1469 855 1504 vel
878 1470 896 1503 ὲ
922 1470 986 1504 sta·

232 1527 309 1554 tuto
326 1545 335 1558 ,
361 1520 415 1555 vel
431 1521 448 1554 ὲ
462 1519 705 1554 consuetudine
722 1517 815 1558 juxta
827 1528 986 1551 commu-

233 1578 310 1600 nem
325 1566 583 1602 Canonistarum
601 1565 802 1600 sententiam
815 1589 825 1602 ‚
837 1565 868 1599 &
880 1576 918 1599 ex
931 1576 982 1599 re·

231 1613 399 1653 solutione
423 1615 532 1653 Sacrae
549 1611 834 1659 Congregationis
851 1612 888 1645 in
918 1617 984 1646 Cen-2

225 1663 532 1705 sennemservitii
553 1672 591 1708 j,
607 1665 637 1696 8.
699 1666 702 1667 ⁷

184 1706 407 1758 Manfionarii
422 1709 461 1743 de
476 1708 647 1743 Oliveriis
667 1716 826 1743 tenentur
852 1717 893 1741 ex
911 1705 984 1751 lege

231 1754 440 1790 fundationis
455 1755 489 1790 in
504 1754 760 1790 solemnioribus
787 1753 984 1788 festivitati-

232 1803 296 1837 bus
322 1802 540 1846 Cathedralis
559 1802 861 1848 Forosempronien
877 1800 982 1834 choro

233 1849 387 1893 intereffe
403 1878 412 1890 ‚
443 1854 473 1884 ὅ(
504 1849 646 1886 assistere
660 1848 694 1882 in
710 1847 880 1895 q'ualitate
896 1845 982 1880 Dia-

232 1898 340 1936 coni,
366 1898 398 1933 &
420 1897 620 1932 Subdiaconi
647 1895 830 1930 Canonico
855 1903 983 1940 primas

231 1944 390 1990 vesperas
407 1944 620 1984 celebranti,
640 1942 664 1978 fi
678 1942 864 1990 Episcopus
879 1941 984 1985 impe-

231 1993 320 2027 ditus
335 1992 374 2026 stt
388 1994 693 2038 Forosempronien.
705 1991 849 2035 servitii
866 1988 980 2036 Charis

231 2043 275 2074 (φ
290 2038 435 2081 Ecclesia·
448 2047 486 2085 p.
503 2040 555 2074 18.
569 2042 610 2075 &⁹
635 2047 687 2072 20.

185 2083 226 2118 In
241 2084 384 2120 Ecclesia
400 2084 603 2120 Cathedtali
617 2084 830 2120 Castrimaris
848 2081 980 2130 praesta-

232 2141 289 2167 tur
305 2132 486 2168 servitium
499 2133 593 2169 chori
608 2132 626 2167 ὲ
639 2132 825 2167 Canonicis
836 2142 895 2176 per
909 2141 980 2165 me-

232 2179 373 2215 diat-iam
386 2207 396 2219 ‚
423 2181 453 2215 &
479 2180 670 2214 tertiariam
687 2206 696 2219 ,
722 2181 753 2214 &
780 2189 842 2225 per
865 2187 982 2211 omnes

232 2227 269 2262 in
282 2238 426 2274 corpore
443 2253 452 2266 ,
478 2226 642 2262 videlicet
669 2237 729 2269 per
753 2224 980 2260 medianam-³

233 2274 351 2309 diebus
364 2273 562 2312 Dominicis
575 2298 585 2312 ,
611 2274 642 2308 δι
660 2272 791 2307 festivis
802 2274 840 2306 de
855 2281 979 2317 praece-

230 2331 317 2365 pto,
340 2334 378 2357 ac
409 2330 483 2356 toto
506 2330 667 2366 tempore
696 2318 979 2364 quadragesimae,

233 2379 273 2402 ac
300 2368 471 2403 adventus
487 2393 496 2406 ‚
524 2368 558 2402 in
575 2368 690 2401 diebus
717 2365 891 2400 ferialibus
921 2375 980 2411 per

233 2415 422 2449 tertiariam
434 2441 442 2453 ,
457 2416 490 2449 in
503 2415 619 2450 diebus
635 2412 896 2449 solemnioribus
908 2422 981 2446 om-

232 2473 291 2496 nes
306 2461 340 2495 in
353 2473 487 2507 corpore
508 2462 869 2504 castrimarisservicii
888 2459 982 2494 Chcri

226 2517 309 2555 pag.
326 2513 380 2553 48.

272 2559 274 2561 ’
398 2561 476 2590 AD
491 2560 533 2594 N
546 2563 570 2591 O
587 2561 650 2590 TA
663 2560 715 2589 TI
726 2563 750 2590 O
765 2578 776 2590 ο

188 2602 408 2647 Approbatur
432 2614 490 2647 per
505 2604 643 2637 Sacrum
666 2602 837 2637 Tribunal
863 2601 984 2636 modus

233 2650 374 2684 canendi
392 2650 522 2683 divinas
544 2649 671 2682 Laudes
689 2661 748 2689 ner
771 2649 958 2684 tertiariam
974 2674 984 2688 ,

233 2697 264 2730 δι
282 2696 475 2731 mediariam
490 2722 500 2734 ,
524 2697 554 2729 ἃ
571 2706 686 2729 omnes
701 2697 732 2728 in
750 2707 889 2740 corpore
903 2695 984 2736 jux-

229 2750 264 2776 ta
281 2743 555 2778 consuetudinem
583 2740 737 2776 Ecclesiae
770 2741 984 2776 cathedralis

231 2787 446 2826 Castrimaris
464 2803 474 2828 ς
502 2789 545 2825 Et
571 2788 712 2836 quidem
736 2788 866 2835 optimo
891 2790 964 2834 jure
975 2814 987 2829 ,

1077 208 1151 229 nam
1169 194 1225 228 hie
1238 193 1353 227 modus
1377 190 1537 233 psallendi
1559 191 1753 225 alternatim
1770 192 1823 226 in-

1077 242 1249 277 troductus
1264 239 1328 274 fuit
1342 240 1377 273 in
1395 237 1556 272 Ecclefias
1569 236 1824 274 Canonicorum

1075 288 1282 324 saecularium
1299 288 1337 320 ad
1354 284 1609 320 similitudinem
1633 283 1824 320 Monacho-

1075 347 1148 372 rum
1165 362 1174 375 ,
1188 348 1206 369 a
1219 334 1342 381 quibus
1356 344 1410 379 pei·
1425 331 1572 366 alternas
1587 339 1702 365 turnas
1718 331 1826 366 inter-

1078 383 1139 418 diu
1153 411 1162 423 ,
1187 384 1219 417 St
1236 384 1337 416 noctu
1356 379 1483 414 divinae
1500 377 1626 412 Laudes
1640 376 1829 426 psalmique

1078 430 1370 467 concinnebantur
1389 453 1398 467 ‚
1428 429 1476 460 ita
1497 425 1639 459 habetur
1664 423 1698 459 in
1725 425 1829 461 chro—

1081 482 1145 515 m'c·
1165 477 1287 516 centul!
1300 475 1359 511 lib.
1379 485 1414 508 2·
1427 487 1454 508 c.
1474 482 1522 508 Η.
1553 471 1598 507 ibi
1621 485 1630 505 ε
1657 480 1829 509 trecentos

1081 525 1260 560 monachos
1292 522 1504 569 regulariter
1526 521 1680 555 victuros
1699 518 1834 559 consii-

1082 575 1209 608 tnimus
1234 583 1245 608 3
1273 570 1406 606 Centum
1434 569 1538 602 etiam
1558 574 1683 612 pueros
1700 565 1831 609 scholis

1081 620 1280 656 erudiendos
1290 615 1351 660 sub
1375 618 1487 652 eodem
1508 614 1626 648 habitu
1639 638 1650 653 ,
1676 617 1717 648 &
1735 613 1831 647 vifm

1078 666 1262 708 statuimus
1275 690 1286 705 ,
1314 660 1559 709 qnifrcztribus
1568 669 1633 709 per
1656 668 1729 694 tres
1745 659 1831 694 cho-s

1085 727 1140 749 ros
1154 711 1269 754 divisis
1282 709 1315 745 in
1325 710 1495 743 auxilium
1510 708 1668 745 canendi,
1683 710 1725 741 (σν
1735 706 1831 752 psal÷

1083 762 1175 796 [endi
1190 756 1342 800 interfint
1356 781 1365 795 ‚
1391 754 1544 798 idemque
1560 751 1735 787 confirmat
1751 754 1828 797 spx}

1084 810 1232 843 cil-tom.
1246 812 1322 851 4.p.
1334 807 1415 847 469.
1426 827 1435 840 2
1460 800 1507 835 ita
1527 809 1660 845 quoque
1675 809 1734 842 pro
1749 798 1832 832 Μο-

1084 854 1229 889 nasterio
1254 849 1432 886 Parifiense
1455 874 1464 888 ,
1492 846 1546 880 seu
1556 843 1830 882 Sandioniistano

1085 899 1243 947 praecepit
1258 898 1332 932 Rex
1345 895 1539 930 Galliarum
1558 895 1658 929 Anno
1671 895 1751 932 6382
1767 916 1777 929 ,
1794 901 1833 927 ut

1084 948 1212 984 scilicet
1226 945 1314 991 jugis
1328 944 1375 978 ibi
1389 944 1500 977 noCtes
1510 968 1519 980 ,
1532 940 1662 986 diesque
1675 938 1832 976 celebra-

1085 1005 1180 1031 retur
1195 991 1376 1040 psalmodia
1391 1015 1401 1028 ,
1428 987 1607 1024 Monachis
1631 986 1665 1022 in
1692 986 1803 1030 plures
1821 1010 1833 1026 2

1086 1045 1116 1078 δι
1131 1042 1335 1076 alternantes
1345 1047 1466 1072 turmas
1478 1033 1590 1070 divifis
1606 1061 1614 1074 ‚
1631 1033 1729 1069 sicuti
1759 1043 1834 1069 mo-

1086 1090 1133 1125 ris
1145 1089 1188 1123 est
1202 1089 1235 1123 in
1251 1083 1460 1120 Monasterio
1486 1082 1593 1116 Sancti
1609 1079 1768 1122 Mauritii
1798 1079 1833 1114 in

1081 1137 1245 1171 Sabaudia
1262 1159 1271 1173 ,
1300 1133 1330 1167 &
1344 1130 1454 1167 Sanffl
1480 1128 1622 1165 Martini
1639 1128 1727 1172 apud
1754 1126 1832 1161 Tu-

1081 1194 1180 1220 rones
1191 1181 1313 1217 Concil.
1323 1180 1489 1215 Gallican.
1503 1185 1724 1222 tom-1.p.499
1754 1173 1833 1208 Nec

1082 1232 1126 1266 ab
1140 1230 1190 1264 his
1203 1226 1311 1263 differt
1322 1224 1471 1261 Luxovii
1481 1222 1719 1268 congregatio
1729 1246 1739 1261 ,
1752 1231 1833 1267 quae

1084 1280 1118 1313 in
1130 1276 1262 1313 Galliis
1278 1275 1326 1309 ita
1343 1270 1518 1308 numerosa
1531 1271 1595 1305 fuit
1608 1295 1618 1309 ,
1637 1277 1674 1304 ut
1689 1269 1734 1302 ibi
1748 1278 1835 1314 quo-u

1082 1337 1146 1372 que
1162 1335 1223 1370 pet·
1245 1322 1392 1364 alternas
1409 1321 1501 1355 vices
1525 1318 1582 1353 diu
1595 1342 1605 1356 ‚
1631 1315 1834 1361 trochique-1„

1081 1370 1200 1419 psalmi
1216 1375 1415 1405 canerentur
1429 1392 1440 1407 ,
1465 1374 1504 1400 ut
1515 1364 1618 1401 refert
1634 1364 1829 1400 Bernartius

1083 1425 1118 1457 in
1133 1422 1215 1456 Vita
1231 1425 1265 1453 S.
1279 1416 1455 1451 Malachiae
1469 1423 1544 1461 cap.
1559 1423 1587 1453 ς.

1197 1463 1341 1500 CURA
1368 1458 1674 1496 ANiMARUM.

1035 1517 1066 1552 Si
1090 1514 1236 1560 populus
1252 1509 1347 1545 distet
1372 1509 1413 1545 ab
1442 1506 1589 1543 Ecclefia
1615 1503 1831 1547 parochiali,

1082 1563 1182 1596 Sacra
1204 1557 1439 1603 Congregatio
1452 1554 1599 1589 Rituum
1612 1552 1695 1587 solet
1711 1548 1833 1602 correxe-

1083 1611 1158 1644 dere
1175 1606 1244 1649 ejus
1256 1603 1471 1648 cappellano
1500 1599 1680 1635 facultates
1707 1596 1832 1641 Rapa„-

1083 1654 1207 1693 zaudi,
1233 1653 1263 1687 &
1281 1647 1532 1685 administrandi
1555 1646 1656 1681 etiam
1679 1654 1833 1689 tempore

1087 1699 1260 1738 Paschatis
1273 1694 1503 1733 Ecclesiastica
1521 1693 1746 1730 sacramenta,
1770 1700 1833 1725 nec

1081 1762 1151 1785 non
1177 1743 1392 1795 publicandi,
1418 1744 1449 1778 &
1473 1739 1631 1776 affistendi
1655 1738 1834 1773 matrimo-

1081 1797 1146 1833 niis
1159 1822 1170 1835 ,
1196 1796 1226 1829 δι
1242 1792 1410 1828 cadavera
1427 1787 1641 1825 tumulandi,
1666 1785 1834 1822 dummo-

1080 1845 1122 1878 do
1130 1840 1359 1888 Cappellanus
1373 1836 1528 1883 quolibet
1540 1833 1649 1868 mense
1661 1830 1835 1867 transmit-

1081 1901 1131 1927 tat
1145 1891 1277 1924 nomina
1290 1885 1520 1920 defunctorum
1533 1908 1541 1920 ‚
1563 1880 1832 1927 Baptizatorum,

1080 1941 1111 1975 δι
1135 1933 1428 1972 matrimoniorum
1456 1927 1606 1965 Parocho
1625 1953 1633 1966 ‚
1664 1935 1721 1972 qut
1745 1924 1832 1975 solus

1080 1987 1183 2021 libros
1199 2011 1208 2024 ‚
1232 1983 1267 2018 in
1278 1979 1402 2027 quibus
1415 1979 1486 2013 haec
1497 1977 1697 2014 adnotantur
1711 1997 1721 2014 ‚
1745 1977 1833 2014 reti—

1082 2043 1162 2068 neat
1176 2036 1206 2074 §0
1223 2030 1448 2076 Experientia
1459 2033 1494 2071 p.
1509 2031 1565 2068 524,
1662 2037 1669 2047 ι
1773 2062 1779 2069 ”
1822 2062 1832 2068 ‚

1031 2081 1095 2117 Pro
1111 2076 1242 2126 populo
1257 2073 1391 2109 distanti
1415 2072 1456 2106 ah
1469 2067 1616 2108 Ecclesia
1639 2064 1830 2115 Parochiali

1079 2129 1180 2163 datur
1193 2125 1265 2167 ejus
1282 2119 1494 2166 cappellano
1518 2115 1660 2165 facultas
1685 2114 1830 2163 admini-

1080 2176 1200 2210 strandi
1233 2172 1445 2206 Sacramenta
1469 2170 1624 2208 exceptis
1651 2168 1830 2204 matr-imo-

1080 2223 1144 2258 niis
1157 2246 1168 2261 ,
1194 2220 1225 2254 &
1247 2223 1415 2265 praecepto
1443 2208 1592 2247 paschati
1619 2206 1828 2252 albiganenq

1080 2282 1165 2305 curce
1181 2268 1370 2303 animarum
1386 2288 1396 2302 ‚
1412 2257 1672 2302 &fwfflonum
1688 2254 1728 2296 ad
1744 2262 1770 2294 ι.Ι
1786 2256 1829 2288 &¹

1077 2326 1107 2351 Ζ.
1121 2314 1198 2351 dub·
1209 2321 1246 2360 p.
1261 2316 1320 2345 66.
1583 2348 1590 2353 Ι

1127 2362 1239 2396 Datur
1252 2366 1385 2404 quoque
1402 2349 1544 2388 facultas
1560 2349 1667 2383 eldem
1681 2344 1831 2393 Cappel-

1079 2411 1159 2445 lano
1177 2404 1352 2454 peragendi
1367 2400 1549 2436 functiones
1565 2394 1753 2433 funerales,
1768 2390 1832 2426 sal-

1059 2481 1063 2487 ·
1080 2457 1134 2493 vis
1149 2449 1390 2491 emolumentis
1407 2442 1666 2486 Paroehialibus
1687 2441 1771 2487 [bid.
1790 2438 1832 2470 ad

1105 2528 1114 2538 .
1127 2503 1203 2539 duh.

1035 2516 1269 2589 Paiochianus
1282 2557 1348 2581 non
1361 2542 1406 2577 est
1416 2539 1610 2576 eximendus
1627 2549 1644 2571 a
1662 2545 1740 2571 cura
1753 2540 1833 2578 pro—

1081 2607 1159 2647 pter
1171 2593 1352 2631 discordias
1365 2600 1453 2625 ortas
1469 2587 1558 2636 inter
1568 2584 1676 2629 ipsum
1695 2607 1704 2621 ,
1719 2580 1750 2631 ᾧ(
1763 2578 1836 2628 Pa·-

1081 2644 1224 2682 rochum
1236 2667 1247 2681 ,
1269 2636 1401 2674 etiamfi
1419 2633 1646 2671 parochianus
1659 2628 1839 2662 habitatio-2

1079 2703 1154 2728 nem
1165 2697 1297 2725 mutare
1311 2696 1381 2720 non
1394 2682 1488 2730 poffit
1503 2679 1707 2721 ‘Placentina
1724 2684 1841 2716 exem=

1075 2740 1263 2788 ptionisp.
1284 2735 1341 2784 65.

1701 2820 1801 2855 AD-
