1978 3017
393 118 412 135 0

390 118 499 191 lag-im
515 175 526 191 ,
549 148 665 196 qualia
686 147 750 183 sint
765 173 775 187 ‚
800 148 848 182 mi
861 146 953 190 affido
969 141 1138 190 aqursto³
1160 146 1203 179 (ἂν
1220 143 1251 178 ἲο
1274 146 1322 178 mi
1344 143 1436 188 afficio
1456 155 1476 177 a
1500 145 1613 190 questa
1635 171 1645 186 ,
1678 155 1751 181 tum
1779 145 1838 180 de·-

392 202 499 247 nique
514 224 524 238 ,
547 196 626 241 quia
642 195 785 231 defuerit
801 193 954 238 proprius
968 216 978 230 ,
1001 192 1032 227 δι
1049 200 1151 226 verus
1165 187 1335 225 Parochus
1353 190 1461 235 qualis
1480 193 1631 238 reputari
1648 204 1715 228 non
1745 202 1846 240 pote-

391 256 444 286 rat
470 246 528 280 ille
539 243 760 278 Cathedralis
776 239 929 276 Ecclesiae
945 237 1160 274 Consentinae
1174 262 1185 276 ‚
1197 248 1305 282 neque
1320 237 1452 271 ratione
1469 235 1636 274 Beatricis
1650 265 1660 279 ‚
1674 252 1748 287 quae
1782 240 1847 274 illa

388 292 463 341 ipsa
489 292 541 327 die
556 289 724 325 Bisiniano
738 287 962 324 Consentiam
981 289 1159 321 advenerat
1172 311 1181 324 ‚
1208 296 1318 329 neque
1333 285 1466 320 ratione
1485 284 1597 321 Marci
1621 313 1631 326 ,
1658 288 1718 332 qui
1743 297 1844 322 ame-

388 344 505 376 decem
519 366 529 378 ,
556 347 612 373 aut
625 337 802 372 duodecim
815 335 885 370 dies
899 333 1068 370 Bisiniano
1084 331 1306 368 Consentiam
1321 333 1389 367 trad
1397 333 1487 367 uCtus
1498 358 1508 371 ‚
1539 344 1648 378 neque
1661 334 1766 375 facto,
1784 345 1845 369 ne·-

389 399 454 434 que
468 387 646 423 voluntate
663 381 878 420 domicilium
892 380 1003 416 ullum
1017 389 1231 417 contraxerat
1249 379 1284 413 in
1299 379 1454 415 Civitate
1472 379 1691 416 Consentina
1707 409 1715 416 .

341 434 495 471 Nullam
520 433 708 468 habendam
722 429 787 466 esse
803 431 968 464 rationem
982 437 1104 462 contra
1118 426 1262 472 disputat
1275 426 1426 463 defensor
1443 427 1657 463 Matrimonii
1673 455 1684 468 ,
1708 428 1748 463 de
1774 428 1819 464 iis
1831 454 1843 471 ‚

386 493 463 528 quae
477 489 596 515 contra
611 478 775 524 sponsalia
788 503 797 516 ,
818 488 892 522 quse
903 488 946 511 ex
962 474 1108 520 publicis
1123 473 1268 508 Tabulis
1283 474 1435 508 constant
1451 500 1460 513 ,
1483 475 1515 509 &
1531 485 1648 510 contra
1675 475 1844 512 validita-

386 539 461 564 tem
475 527 650 563 sententiae
670 522 983 571 Archiepiscopalis
996 521 1193 559 Audientiae
1206 519 1420 557 Consentinte
1438 532 1691 567 proponuntur:
1715 523 1849 558 Matri-

387 576 544 611 monium
560 572 712 607 validum
725 570 812 610 effe,
838 582 914 606 cum
928 571 1047 607 scitum
1070 567 1250 618 omnibus,
1282 568 1557 615 perspectumque
1581 568 1620 604 fit
1635 597 1644 610 ‚
1673 568 1842 605 defeetum

387 620 595 657 solemnium
609 646 618 660 ‚
645 620 676 655 &
690 618 992 653 denunciationum
1007 616 1171 655 illicitum
1184 615 1316 661 quidem
1329 642 1340 655 ,
1360 625 1395 650 at
1419 628 1486 651 non
1500 617 1633 652 irritum
1650 616 1758 652 facere
1772 628 1843 652 ma*

389 667 595 704 trimonium
613 679 623 705 ς
639 668 678 702 de
690 665 852 702 consensu
869 663 1147 701 contrabentium
1162 665 1195 698 in
1208 662 1464 702 matrimonium
1477 663 1630 699 dubitari
1646 675 1711 699 non
1728 663 1817 710 posse
1827 688 1840 702 ,

387 726 468 751 cum
484 723 629 760 uterque
643 713 734 749 ultro
748 713 783 748 in
796 713 933 748 domurn
949 711 1094 751 Parochi
1110 709 1310 746 convenerit
1327 713 1366 745 ad
1381 711 1464 746 illud
1478 711 1761 750 contrahendum,
1778 723 1842 746 ex-

390 760 599 809 pressumque
625 759 820 796 consensum
841 759 939 794 educi
961 771 1002 794 ex
1015 759 1131 794 verbis
1158 756 1228 791 illis
1252 757 1370 792 relatis
1383 770 1400 790 a
1415 757 1564 793 Parocho
1579 784 1588 798 ‚
1612 758 1721 805 questo
1739 771 1756 793 e
1775 761 1842 793 mio

388 812 520 845 marito
538 834 547 847 ,
599 807 686 845 uella
714 820 730 842 e
753 810 821 843 mia
845 805 969 854 moglie
984 831 995 846 ,
1015 816 1125 851 neque
1140 804 1208 838 alio
1222 802 1316 839 sensu
1339 804 1534 848 accipienda
1560 803 1624 841 effe
1650 805 1710 839 illa
1731 830 1741 843 .
1769 817 1842 850 quae

389 854 545 894 referunt
600 854 680 889 estes
695 880 705 894 ,
728 857 776 889 mi
792 854 882 899 affido
905 866 923 887 a
947 852 1057 899 questo
1072 878 1081 893 ‚
1102 856 1145 889 &-
1160 854 1192 888 io
1210 855 1257 887 mi
1270 850 1361 894 affido
1382 863 1401 884 a
1420 850 1533 897 questa
1547 877 1557 890 ‚
1587 852 1676 896 quod
1703 851 1844 898 synoni-

389 914 446 938 ma
475 902 539 937 stnt
560 913 602 937 ex
628 900 686 935 usu
698 899 865 946 Regionis
881 899 995 934 illiuse
1024 899 1111 934 Rem
1126 899 1230 944 igitur
1247 895 1311 932 esse
1325 898 1546 933 deducendam
1574 898 1633 933 ad·
1649 910 1753 933 unum
1780 900 1843 933 de-

389 949 519 987 fectum
541 948 625 984 veri‘
645 947 812 983 parochi:
846 946 1028 993 Explorati
1045 955 1158 981 autem
1176 945 1258 987 iuris
1284 943 1347 980 esse
1363 945 1440 980 satis
1468 945 1535 980 esse
1548 945 1742 982 Parochum
1764 958 1844 991 pro-

388 996 507 1043 prium
523 994 720 1031 alterutrius
733 1006 775 1029 ex
807 992 1115 1030 contrahentibus:
1142 992 1391 1029 Consentinum
1423 992 1611 1027 Patochuin
1637 991 1732 1027 fuisse
1757 1004 1845 1040 pro·-

390 1041 507 1088 prium
523 1041 656 1079 Marci,
682 1041 740 1084 qui
759 1040 841 1074 licet
858 1050 981 1084 paucos
995 1049 1073 1074 ante
1094 1039 1161 1074 dies
1177 1040 1347 1074 Bistniano
1359 1039 1579 1075 Consentiam
1593 1038 1738 1075 venisset
1756 1067 1763 1078 ,
1782 1051 1847 1075 ve-

391 1096 489 1126 nerat
503 1097 617 1126 tamen
632 1112 642 1127 ,
672 1093 710 1120 ut
724 1111 735 1125 ,
756 1086 806 1123 ibi
820 1086 945 1125 vellet,
967 1087 1103 1126 nollet,
1126 1096 1318 1122 moraretur
1335 1095 1371 1120 ut
1387 1088 1504 1126 miles,
1535 1099 1641 1132 neque
1654 1086 1846 1122 Consentia

392 1134 564 1170 discedere
577 1142 714 1181 poterat
728 1134 828 1171 ‚dato
840 1134 978 1168 nomine
994 1133 1049 1168 suo
1066 1133 1199 1171 militiae
1215 1161 1223 1173 ,
1239 1132 1341 1169 Patre
1354 1143 1412 1168 aut
1429 1134 1568 1168 volente
1582 1159 1592 1173 ‚
1616 1143 1674 1169 aut
1693 1135 1723 1171 id
1738 1146 1847 1181 agen-

391 1189 430 1217 *te
442 1193 484 1216 ex
498 1182 655 1217 condicto
676 1180 918 1226 cumPrincipe
938 1179 1099 1215 Bifiniani
1118 1180 1289 1218 Tribunal
1302 1177 1462 1226 Legionis
1478 1207 1486 1221 ,
1514 1192 1550 1216 ut
1568 1181 1700 1226 legibus
1718 1182 1849 1217 milita-

395 1229 493 1266 ribus
510 1229 664 1265 eluderet
682 1229 773 1273 leges
789 1229 829 1262 de
844 1228 998 1264 libertate
1018 1227 1225 1264 matrimonii
1239 1228 1460 1264 contrahendi
1475 1254 1484 1267 ,
1510 1228 1596 1263 itaut
1611 1226 1849 1264 consentinus

395 1274 479 1311 esset
493 1274 664 1312 Parochus
682 1274 883 1311 necessarius
901 1274 1010 1311 Marci
1022 1302 1033 1320 2
1055 1275 1112 1322 qui
1128 1275 1256 1320 prorsus
1270 1302 1281 1314 ,
1306 1286 1344 1312 ac
1358 1275 1526 1321 relegati,
1546 1275 1765 1322 accipiendus
1786 1275 1849 1316 sit,

394 1321 523 1369 quibus
543 1321 625 1357 licet
639 1321 742 1357 inviti
755 1332 846 1357 certo
861 1322 938 1358 loco
952 1322 1014 1357 sint
1031 1349 1040 1362 ,
1061 1332 1098 1358 ut
1111 1323 1166 1371 qui
1181 1323 1367 1359 carceribus
1394 1321 1539 1359 obstricti
1561 1322 1634 1357 sunt
1650 1349 1660 1362 ‚
1684 1323 1766 1358 licet
1794 1330 1852 1356 ta-

396 1379 476 1405 men
504 1367 724 1404 matrimonia
750 1380 863 1403 coram
879 1369 1027 1405 Paroclio
1042 1382 1236 1409 carcerum,
1261 1379 1320 1404 aut
1347 1369 1430 1406 Loci
1456 1369 1675 1417 relegationis
1699 1378 1850 1405 contra-

398 1416 482 1451 here
499 1440 508 1449 .
534 1416 622 1452 Haec
644 1413 805 1451 defensor
831 1415 1063 1453 matrimonii.
1093 1417 1248 1453 Dubium
1263 1416 1333 1453 est.

347 1463 413 1500 LAn
433 1463 558 1558 γηθεῖ
587 1466 626 1500 de
650 1462 815 1507 nullitate
849 1473 920 1503 tam
954 1466 1162 1510 Sponsallnm
1186 1490 1197 1507 ,
1237 1477 1337 1513 quam
1371 1464 1528 1514 praetensi
1552 1465 1771 1503 Matrimonii
1791 1466 1851 1501 im,

397 1524 439 1549 ca
456 1525 475 1547 u
504 1515 581 1549 &c-

448 1607 626 1657 Negative
650 1612 663 1646 Σ

58 1691 311 1738 seff2;.c.12.
352 1717 354 1721 ι
446 1703 697 1741 isuNriNA
727 1704 1161 1742 DisPENsArtoNis=
1187 1706 1277 1742 cum
1302 1712 1449 1752 quatuor
1474 1702 1738 1740 haberetFiiios
1765 1701 1852 1737 Βετ-

30 1743 75 1781 vde
88 1745 161 1791 Rff·
454 1753 576 1786 nardus
594 1751 763 1797 Patornay
780 1753 907 1786 Dufied
930 1779 939 1791 ,
962 1764 1131 1797 unumque
1164 1754 1269 1787 vellet
1293 1766 1334 1788 cx
1369 1751 1432 1786 affe
1463 1753 1630 1787 hxredem
1654 1750 1850 1790 instituere,

399 1797 674 1843 Priinogenitum
690 1825 698 1837 ,
721 1810 819 1843 quein
844 1798 972 1834 summo
999 1810 1109 1834 amore
1127 1800 1390 1846 prosequebatur
1409 1826 1416 1836 ,
1448 1800 1597 1844 reliquos
1612 1824 1622 1838 ,
1653 1799 1704 1833 vel
1720 1799 1850 1833 Mona-

396 1845 507 1880 stcriis
526 1843 709 1879 adscribere
723 1868 733 1882 ‚
757 1844 814 1879 vel
829 1844 935 1880 Sacris
949 1847 1134 1881 Ordinibus
1158 1846 1315 1892 alligatos
1333 1846 1552 1882 Ecclefiarum
1577 1845 1721 1892 servitiis
1749 1843 1849 1878 addi-

396 1903 474 1926 cere
489 1890 622 1927 curavit
639 1916 647 1925 .
675 1892 746 1927 Hos
767 1891 940 1927 interfuit
954 1891 1130 1938 Georgeus
1147 1893 1338 1929 Franciscus
1353 1921 1362 1933 ,
1382 1895 1439 1940 qui
1462 1905 1538 1928 cum
1567 1894 1675 1927 animo
1701 1890 1780 1928 esset
1807 1891 1848 1924 ab

395 1939 462 1974 hoc
478 1938 557 1974 vita·
573 1949 699 1986 genere
714 1940 833 1973 averio
849 1963 860 1977 ,
879 1940 965 1974 ninil
980 1940 1187 1985 prxtermisit
1207 1941 1346 1977 immitis
1361 1968 1370 1980 ,
1393 1939 1612 1987 difficilisqne
1628 1939 1758 1986 ingenii
1780 1937 1844 1971 Pa·-

397 1995 471 2025 ter,
500 1996 535 2021 ut
559 1998 635 2021 eum
664 1987 838 2021 volentem
871 1986 1045 2022 nolentem
1079 1987 1118 2022 ad
1145 1988 1226 2022 illud
1252 1988 1520 2034 amplectendum
1562 1988 1709 2034 adigeret
1733 1998 1743 2024 ς
1784 1996 1846 2018 ne-

396 2045 465 2079 que
503 2033 618 2068 verbis
653 2058 663 2072 ‚
712 2045 819 2080 neque
863 2034 964 2069 minis
1001 2061 1012 2075 ,
1062 2035 1314 2081 verberibusque
1361 2045 1517 2083 pepercit
1555 2060 1567 2075 ,
1618 2036 1706 2069 itaut
1751 2032 1847 2067 filius

396 2092 559 2127 paternos
582 2081 667 2115 lares
689 2081 824 2126 fugere,
851 2082 883 2116 &
907 2082 943 2116 in
955 2081 1104 2116 vicinam
1123 2086 1256 2118 domum
1284 2083 1346 2119 sese
1370 2084 1520 2128 recipere
1535 2108 1545 2120 ,
1576 2091 1675 2127 atque
1700 2080 1733 2114 in
1751 2079 1846 2114 illm..

398 2139 465 2162 una
482 2153 491 2164 ‚
522 2128 697 2173 alteraque
716 2129 770 2162 die
793 2130 898 2163 latere
916 2130 1048 2163 coactus
1073 2129 1195 2164 fuerit.
1224 2130 1299 2166 Nec
1325 2130 1465 2165 meliora
1486 2139 1604 2167 erant,
1630 2139 1704 2174 que
1731 2127 1771 2161 ad
1790 2126 1848 2160 vi-

396 2183 467 2209 tam
494 2174 761 2210 siibstentandam
787 2175 965 2210 necessaria
989 2175 1088 2215 sunt;
1113 2177 1231 2212 cibum
1259 2178 1349 2212 enim
1364 2189 1432 2212 non
1457 2187 1625 2223 epaterna
1640 2174 1750 2208 mensa
1771 2200 1780 2213 ,
1805 2174 1844 2207 ad

396 2232 499 2266 quam
519 2223 916 2271 rrimogtnitustantum
940 2222 1121 2265 adsidebat,
1150 2225 1202 2259 sed
1226 2224 1259 2259 in
1273 2225 1387 2260 culina
1413 2224 1598 2267 recipiebat
1622 2234 1704 2257 cuin
1733 2220 1842 2256 servis

397 2267 506 2302 vestes
531 2279 572 2302 ne
600 2267 790 2314 tempestati
814 2271 950 2313 quidem
977 2271 1227 2306 conveniebant
1254 2299 1263 2312 ‚
1300 2273 1424 2319 hyeme
1447 2270 1604 2317 siquidem
1634 2268 1845 2314 frigidissima

396 2315 560 2349 utebatur
587 2315 669 2349 sela
684 2343 693 2356 ‚
719 2328 785 2361 qua
804 2328 844 2350 ne
859 2317 1007 2352 viliffimi
1021 2318 1156 2363 quidem
1173 2320 1327 2354 homines
1342 2328 1483 2354 utuntur
1500 2345 1508 2356 ,
1535 2318 1624 2352 itaut
1638 2321 1735 2364 noctu
1749 2315 1848 2348 duin-

394 2369 492 2396 tsixat
520 2373 538 2395 e
558 2362 707 2408 paternis
728 2365 854 2398 laribus
878 2376 973 2400 exire
997 2376 1060 2410 prae
1084 2367 1204 2400 rubore
1225 2365 1323 2401 miser
1347 2367 1439 2401 filius
1462 2374 1640 2411 cogeretur
1665 2391 1673 2398 .
1702 2360 1843 2397 Militiae

393 2420 517 2443 nomen
539 2409 617 2443 dare
634 2408 747 2444 voluit
761 2436 770 2449 ,
800 2411 831 2446 &
853 2409 1147 2456 crudelesTerras
1164 2412 1282 2458 fugere
1296 2440 1305 2454 ‚
1331 2413 1384 2448 sed
1398 2414 1537 2455 rejectus
1549 2411 1615 2446 fuit
1640 2411 1689 2445 ob
1715 2418 1842 2451 corpo-

390 2457 436 2488 ris
467 2458 602 2490 brevem
622 2455 777 2491 staturam
793 2481 801 2491 .
843 2457 1028 2494 sensuram
1054 2461 1159 2506 igitur
1174 2460 1379 2496 clericalem
1401 2488 1411 2502 ,
1435 2457 1644 2504 minoresque
1666 2455 1808 2492 Ordines
1831 2479 1843 2494 ,

387 2503 556 2537 reluctans
585 2503 665 2537 licet
681 2530 690 2541 ‚
711 2504 878 2551 suscepit,
906 2510 939 2540 ὅ(
958 2505 1189 2541 indeinstante
1201 2517 1350 2551 tempore
1366 2534 1374 2546 ,
1399 2519 1465 2556 quo
1493 2507 1537 2541 ad
1551 2504 1842 2542 Subdiaoessssfflm

391 2547 588 2583 ascenderet
606 2576 614 2589 ,
635 2562 710 2585 cum
731 2564 848 2588 omnes
860 2562 999 2588 conatus
1012 2554 1046 2587 in
1059 2553 1194 2590 irritum
1210 2553 1388 2595 cesserint,
1411 2554 1533 2590 debuit
1553 2553 1655 2588 illum
1670 2549 1841 2585 Ordinem

393 2593 557 2640 suscipere
579 2608 670 2631 anno
691 2610 788 2639 1731.
803 2626 811 2638 ,
835 2600 948 2635 animo
963 2609 1074 2635 tamen
1090 2627 1100 2641 ,
1129 2610 1166 2636 ut
1183 2601 1253 2648 ipse
1264 2603 1453 2638 declaravn
1467 2628 1478 2642 ,
1503 2597 1720 2647 proponendi
1736 2623 1746 2637 ,
1760 2607 1841 2647 cum

387 2639 497 2695 poffej
515 2666 525 2679 ‚
546 2643 718 2693 quere-lam
740 2646 910 2697 nullitatis
925 2673 935 2686 ‚
959 2648 990 2683 &
1004 2646 1080 2682 sane
1102 2659 1191 2684 anno
1211 2660 1292 2695 :733
1324 2651 1410 2685 hanc
1421 2649 1597 2695 querelam
1612 2644 1789 2696 proposuit
1805 2643 1844 2679 ἰηι

386 2685 457 2723 hoc
468 2690 571 2724 baem
589 2688 795 2731 Tribunali.
820 2694 924 2732 Data
943 2694 1107 2741 fuerunt,
1130 2694 1256 2737 utfieri
1271 2696 1380 2739 solet,
1395 2697 1503 2733 literae
1528 2693 1569 2731 ad
1595 2690 1845 2736 Archiepiscoe

1717 2749 1802 2787 pum
