1945 3028
65 144 176 230 BJI
195 144 420 187 INOREN„
446 149 535 185 SEV
553 153 933 196 AMALPHITANA
950 159 1301 202 CENSURARUM
1321 193 1331 203 .
1358 165 1395 203 In
1416 136 1607 208 visitati?
1640 179 1718 224 Seffi
1735 191 1767 220 ς.
1789 190 1821 213 c·
1847 207 1875 222 ‚X

207 205 249 228 ne
265 196 442 231 Sacrorum
459 197 632 237 Liminum
655 202 836 248 Episcopus
863 205 1072 245 Minorensis
1096 212 1262 248 certiores
1286 215 1376 250 fecit
1390 216 1599 254 Eminentis-
1631 230 1680 263 gy·
1694 231 1735 263 ll.
1747 230 1785 262 de
1799 233 1874 275 Pes}

119 238 214 274 simos
237 242 356 277 Patres
379 243 598 284 Cathedralis
627 251 690 286 {ux
706 250 896 289 canonicos
917 267 959 291 ces
985 257 1142 293 alienum
1159 264 1366 299 contraxiffe
1382 290 1393 305 ,
1417 266 1447 299 ἃ
1465 266 1599 312 aliquot
1816 251 1832 276 t

120 285 243 323 fundos
260 290 389 326 Mense
416 292 633 341 capitularis
661 296 842 333 distraxisse
860 325 869 338 ‚
896 304 1108 350 pretiumque
1131 311 1317 344 retractum
1344 311 1377 345 in
1398 311 1454 346 sua
1474 325 1598 359 quem·

112 345 177 378 que
193 336 349 382 accepisse
375 342 549 376 commoda
566 368 580 381 ,
606 343 793 390 Respondit
819 346 955 385 Sacrum
974 350 1145 386 Tribunal
1157 359 1303 400 procedi
1318 367 1473 404 oportere
1488 373 1595 408 prout

110 385 217 424 {Ji-sris
240 384 316 431 efflet
331 387 494 431 adversim
511 395 692 427 canonicos
716 417 726 430 ,
752 394 874 439 eosque
893 399 1174 435 modis,om711'bus
1190 405 1377 448 adigendos
1392 432 1402 445 ‚
1432 416 1470 441 ιιι*
1484 409 1592 444 allata

108 430 257 480 k‘ccsscfiae
283 434 402 466 damna
421 435 623 478 chercirent
665 439 772 476 Ratus
791 439 976 489 Episcopus
998 447 1188 482 mandatam
1209 448 1271 484 stbi
1289 451 1352 486 esse
1369 452 1462 489 hisce
1477 455 1590 492 verbis

107 475 373 529 jurisdictionem
386 479 482 517 Sacri
497 482 673 520 Tribunal
686 512 696 526 ,
721 489 855 522 Sacram
871 500 971 536 agens
988 493 1253 535 Vifitationem‚
1279 498 1439 545 ingressus
1455 500 1501 536 est
1517 504 1589 538 Ar-

106 524 246 559 chivum
263 527 422 573 Capituli
441 553 451 569 ‚
476 532 506 566 &
529 535 713 579 comperiit
736 533 849 569 deesse
862 540 1012 582 quaedam
1041 541 1229 579 Protocolla
1257 544 1586 591 instrumentorum,

105 582 182 616 quae
208 574 381 618 legaverat
397 574 564 622 Capitulo
580 582 737 619 Sacerdos
765 581 969 623 Valentinus
983 587 1124 623 Pisanus
1139 615 1148 628 ‚
1174 601 1211 625 ut
1227 604 1268 627 ex
1283 594 1472 631 redditibus
1488 623 1498 636 ,
1523 598 1582 643 qui·

105 631 147 653 ex
171 618 287 655 iisdem
315 623 573 665 retraherentur
587 654 597 667 ‚
624 630 725 664 Sacra
739 640 757 662 a
783 630 950 675 Capitulo
966 647 1032 681 pro
1058 637 1206 672 remedio
1221 640 1340 677 animae
1354 642 1419 678 suae
1433 655 1582 690 ageren-

104 675 160 701 tur
179 693 190 707 ,
214 667 418 716 rescivitque
431 683 449 705 a
470 673 652 710 Canonico
667 676 958 721 supranumerario
972 682 1186 719 Melchiorre
1205 686 1372 724 Palumbo
1389 716 1398 728 ,
1424 692 1481 736 qui
1499 691 1579 725 Pro-

100 723 243 750 curator
269 715 383 751 fuerat
408 718 537 756 Mensae
561 722 771 769 Capitularis
786 749 796 763 ,
820 727 899 762 data
919 726 1017 764 fuisse
1043 730 1247 768 Tabellioni
1264 735 1407 771 Danieli
1433 738 1554 773 Mauso
1570 767 1579 775 .

102 762 276 797 Decrevit
301 763 412 811 itaque
438 765 620 816 Episcopus
635 795 646 809 ,
671 779 709 807 ut
731 770 820 807 idem
833 772 1028 814 canonicus
1055 803 1079 818 ,,
1106 779 1164 814 sub
1177 792 1270 827 paena
1284 784 1394 819 ducat.
1414 794 1490 820 200.
1505 812 1515 825 ,
1541 787 1575 820 ὅ(

50 840 77 854 ³,
102 810 138 846 in
168 809 348 847 subsidium
376 816 744 856 excommunicationis
769 821 929 858 recensita
950 824 1169 864 Protocoolla
1197 854 1208 868 ,
1247 830 1279 863 ἀ
1302 830 1481 876 scripturas
1507 834 1582 868 Ar··-

54 889 78 902 ,‚
102 858 207 894 chivo
219 857 375 912 Capituli
391 860 582 903 restitueret
594 892 604 906 ‚
634 868 858 914 decrevitque
880 875 1022 916 pariter
1045 874 1198 922 expediri
1211 885 1333 912 contra
1349 880 1503 915 eumdem
1517 881 1572 919 ci·-

50 935 75 948 „
99 907 264 942 tationem
277 908 316 941 ad
338 909 522 945 dicendum
535 912 665 948 causam
683 939 693 953 ,
717 925 822 959 quare
836 927 905 952 non
928 918 1063 956 deberet
1080 921 1248 957 declarari
1265 924 1415 962 incursus
1440 927 1475 961 in
1488 939 1571 962 cen—

48 982 74 996 „
99 955 191 989 suras
216 955 363 1000 vulgatae
386 959 644 1004 extravagantis
662 960 850 998 ambitiosae
864 963 965 1007 &tc-2,
993 967 1062 1003 Die
1076 969 1186 1016 igitur
1204 979 1257 1015 29.
1273 972 1389 1008 mensis
1405 974 1538 1018 Aprilis
1555 1001 1570 1015 .

16 1008 19 1011 ’
95 1001 239 1038 instante
253 1003 455 1038 Promotore
480 1004 629 1046 Fiscali,
655 1007 808 1044 relaxata
823 1009 888 1045 fuit
913 1013 1049 1050 decreta
1062 1018 1186 1053 citatio
1213 1028 1295 1056 cum
1319 1021 1478 1057 terminos
1501 1033 1568 1069 pe-

93 1050 290 1097 remptorio
307 1051 415 1086 trium
439 1051 570 1089 dierum
592 1053 866 1095 adincurrendas
892 1061 1050 1098 censuras
1064 1076 1106 1101 ex
1127 1064 1163 1100 d.
1179 1075 1370 1113 extravag.
1397 1069 1566 1107 ambitio·

83 1100 128 1142 μ’
143 1121 153 1132 .
179 1096 252 1133 Die
275 1108 361 1132 vero
374 1109 431 1144 30.
456 1100 526 1135 alia
540 1102 687 1138 relaxata
703 1102 768 1140 fuit
793 1105 915 1141 citatio
927 1118 1049 1145 contra
1070 1113 1222 1150 eumdem
1235 1112 1450 1152 Canonicum
1464 1141 1488 1155 ‚‚
1513 1115 1566 1153 su-

41 1171 68 1188 „
91 1154 149 1191 per
170 1144 304 1180 incursu
320 1144 355 1179 in
378 1146 479 1182 aliam
493 1150 881 1189 ‚excommunicationem
902 1165 1099 1195 contentam
1114 1159 1147 1192 in
1174 1161 1334 1196 Decretis
1358 1161 1437 1197 sac.
1462 1162 1564 1198 Con-

41 1219 67 1235 „
92 1192 299 1239 gregationis
319 1193 530 1230 authoritate
556 1196 687 1233 Urbani
706 1198 802 1234 Vlll.
818 1199 915 1237 editis
930 1228 941 1242 ,
967 1203 1208 1251 innovatisque
1222 1218 1310 1242 anno
1329 1216 1431 1254 1697.
1446 1212 1487 1244 ab
1500 1210 1564 1247 ln-

39 1267 63 1284 θ,
95 1240 254 1275 nocentio
279 1238 386 1280 xil„
410 1252 452 1275 ex
479 1254 520 1277 eo
534 1244 613 1291 quia
634 1245 742 1281 adhuc
768 1257 836 1280 non
852 1249 994 1285 curasset
1014 1253 1152 1300 exigere
1172 1256 1359 1291 notabilem
1374 1257 1535 1292 summam
1549 1282 1562 1296 ‚

39 1314 65 1330 „
88 1298 188 1332 quam
202 1286 303 1322 debet
316 1289 345 1322 d.
360 1287 532 1334 Capitulo
549 1291 766 1328 Crescentius
783 1291 885 1330 Rusio
900 1309 959 1341 pro
975 1299 1071 1335 bonis
1084 1301 1261 1348 quondam
1277 1303 1467 1339 Sacerdotis
1485 1306 1561 1340 Va-

36 1362 63 1378 ,‚
91 1334 213 1369 lentini
231 1334 347 1369 Pisani
371 1333 478 1370 eidem
492 1336 595 1374 Russo
619 1339 651 1373 in
672 1340 928 1386 Empytheufim
955 1348 1111 1382 concessis
1126 1359 1187 1392 pro
1212 1360 1324 1384 annua
1346 1349 1470 1387 summa
1487 1352 1560 1387 du-

36 1408 63 1424 ,‚
90 1392 241 1418 carorum
252 1393 311 1427 9.,
337 1382 494 1422 decrevit
519 1387 700 1434 Episcopus
721 1413 731 1428 .
758 1398 795 1425 ut
810 1388 898 1428 infra
916 1393 1061 1429 mensem
1078 1395 1137 1429 sub
1159 1407 1258 1440 poena
1278 1399 1558 1434 excommunica-

35 1440 61 1473 „·
87 1428 190 1464 tionis
206 1427 285 1463 latae
305 1428 481 1467 sententie
508 1444 708 1479 procuraret
733 1435 940 1475 exaCtionem
961 1441 1064 1478 totius
1086 1442 1228 1489 integre
1252 1443 1386 1481 summx
1400 1471 1410 1485 ,
1437 1448 1476 1480 de
1491 1457 1557 1493 qua

32 1505 59 1519 „
87 1475 212 1511 faceret
234 1475 424 1521 depositum
447 1479 481 1514 in
503 1483 581 1514 actis
596 1481 821 1519 cancellariae
847 1485 1055 1535 Episcopalis
1073 1513 1084 1525 .
1160 1490 1164 1492 ’
1502 1494 1507 1496 '

33 1526 132 1563 Dum
157 1523 323 1559 terminus
350 1525 543 1573 penderet,
568 1527 768 1565 Canmicus
791 1530 973 1570 Palumbus
1003 1536 1089 1571 adiit
1114 1536 1451 1584 Metropolitanum,
1480 1542 1554 1576 Ar-

78 1572 330 1617 chiepiscopurn
343 1584 466 1621 nempe
495 1576 785 1622 Amalphitanum
802 1604 813 1618 ,
838 1580 896 1626 qui
915 1582 1078 1619 abstinuit
1093 1611 1104 1627 ,
1128 1587 1171 1620 ab
1187 1585 1283 1622 ACtis
1297 1587 1526 1629 judicialibus
1541 1615 1552 1629 ,

78 1621 112 1655 &
126 1619 342 1655 Canonicum
364 1620 488 1656 remisit
503 1623 541 1658 ad
569 1622 774 1672 Episcopum
796 1652 806 1666 ‚
831 1626 921 1662 datis
936 1639 1069 1666 tantum
1095 1631 1202 1668 literis
1223 1636 1551 1677 commendationis;

77 1666 131 1702 sed
151 1679 229 1703 cum
256 1668 382 1705 urbana
403 1668 516 1706 officia
537 1670 621 1706 nihil
649 1671 881 1716 proficerent,
906 1676 1105 1719 Canonico,
1130 1680 1220 1727 quia
1243 1682 1389 1717 censuris
1414 1691 1551 1718 metue-

75 1714 159 1755 bat,
184 1713 327 1751 instante
353 1742 364 1756 ,
401 1717 695 1765 Metropolitanus
730 1722 975 1769 temporariam
1000 1725 1240 1763 inhibitionem
1261 1729 1418 1764 decrevit
1438 1741 1551 1768 cum

75 1762 302 1807 compulsoria
317 1775 381 1809 pro
392 1765 541 1801 adlorum
559 1765 817 1802 transmissione.
851 1771 925 1805 Hac
941 1781 1055 1809 tamen
1084 1773 1191 1819 spreta
1209 1776 1417 1814 inhibitione
1431 1802 1441 1815 ‚
1467 1777 1549 1822 Epi-

73 1808 194 1856 scopus
211 1809 399 1848 Minorenfi
413 1838 423 1852 ‚
448 1813 592 1848 instante
606 1813 802 1851 Promotore
817 1817 937 1853 Fiseali
953 1845 963 1858 ‚
989 1820 1123 1856 nemine
1138 1824 1246 1859 citato
1258 1850 1268 1863 ,
1292 1823 1549 1874 decrevitpqv-

73 1859 150 1893 cedi
164 1859 208 1891 ad
228 1859 399 1894 ulteriora
411 1885 421 1899 ,
445 1859 629 1907 eademque
643 1861 695 1896 die
716 1874 876 1898 accurata
891 1866 989 1900 tertia
1004 1893 1014 1906 ,
1040 1877 1141 1911 atque
1156 1869 1277 1905 ultima
1301 1881 1522 1905 contumacia
1536 1896 1548 1910 ‚

72 1903 278 1939 sententiam
297 1907 380 1942 tulit
393 1933 404 1947 ,
428 1918 494 1954 qua
518 1907 732 1945 Canonicum
749 1912 915 1954 inctcrfitm
935 1915 1133 1950 declaravit
1161 1918 1198 1951 in
1217 1921 1550 1953 excommunicatio·

72 1964 146 1987 nem
161 1962 351 1990 contentam
362 1953 398 1990 in
423 1965 611 2001 extravag.
642 1956 825 2001 ambitiofie
844 1984 855 1998 ,
881 1962 924 1995 &-
940 1963 976 1996 in
989 1961 1104 1998 Sacris
1127 1963 1312 1998 canonibus
1327 1990 1337 2002 ,
1366 1964 1549 2010 assignan-

73 2008 127 2035 ter
145 2003 180 2036 in
204 2002 325 2037 concil.
354 2004 502 2038 Trident.
519 2003 593 2048 seffi
612 2011 666 2037 22.
683 2006 721 2039 de
738 2006 922 2048 reformat.
947 2016 1022 2053 cap.
1056 2019 1130 2046 11..
1159 2009 1190 2043 δι
1214 2010 1407 2047 Cedulones
1425 2019 1546 2047 contra

72 2046 289 2084 eanonicum
308 2048 399 2085 affixi
421 2049 557 2085 fuerunt
573 2077 580 2085 .
610 2051 897 2094 Metropolitanus
912 2053 974 2088 hoc
990 2053 1248 2102 circumscripsit
1262 2070 1303 2093 ex
1317 2059 1414 2094 causa
1428 2067 1548 2093 atten-

73 2102 218 2130 tatorem
237 2110 246 2129 ε
271 2097 447 2133 Promotor
471 2096 608 2132 Fiscalis
633 2098 832 2136 Minorensis
854 2100 896 2136 ad
921 2101 986 2136 hoe
1008 2103 1146 2138 Sacrum
1160 2103 1335 2140 Tribunal
1361 2104 1516 2150 confugit
1536 2119 1544 2140 :

73 2141 220 2178 Auditus
236 2144 300 2180 fuit
315 2143 600 2191 Archiepiscopus
616 2145 878 2191 Amalphitanus
895 2174 905 2187 ,
932 2147 1090 2184 Nuncius
1108 2151 1327 2197 Apostolicus
1343 2175 1354 2188 .
1383 2151 1460 2189 Post
1474 2154 1544 2203 [με

72 2189 213 2234 scripta,
263 2206 311 2228 uae
331 2193 529 2238 excepimus
551 2203 594 2227 ex
608 2192 731 2228 libello
746 2193 916 2231 Canonici
931 2195 1089 2231 Palumbi
1109 2223 1118 2238 ,
1142 2200 1238 2233 datus
1253 2200 1348 2235 nobis
1363 2199 1427 2235 suit
1441 2210 1544 2234 etiam

72 2237 223 2274 Libellus
237 2205 453 2277 ciff’tomotoris
479 2237 618 2276 Fisealis
632 2239 848 2278 Mimorensis
863 2267 872 2277 .
902 2242 1067 2279 Poterunt
1082 2243 1192 2290 igitur
1204 2244 1465 2282 Eminentiflimi
1480 2248 1544 2282 Pa-

72 2294 142 2320 tres
167 2295 208 2319 ex
228 2287 358 2328 juribus
372 2314 383 2330 ,
407 2300 481 2338 quae
503 2287 663 2335 utrinque
691 2298 955 2340 proponuntur,
981 2292 1051 2329 tria
1073 2291 1201 2343 Capita
1218 2293 1318 2338 hujus
1336 2305 1543 2334 controver-

65 2330 120 2368 fiae
143 2343 184 2367 ex
209 2333 300 2370 edire
607 2336 612 2338 ‚

24 2368 137 2417 Ῐ-’.Λη
161 2345 420 2432 αΣρεΙίατὲορεν
448 2387 643 2422 canonicum
667 2385 873 2424 Palumbum
886 2387 1083 2434 interposita
1101 2413 1113 2428 ,
1136 2392 1180 2426 ό*
1201 2389 1388 2437 respeflive
1408 2388 1543 2441 inhibi-

210 2431 260 2464 tio
285 2430 546 2481 Metropolitani
566 2432 774 2477 sustineatur
794 2435 830 2469 in
856 2433 933 2474 casia
949 2438 1026 2472 (ὣς.
1050 2435 1082 2470 ὅ(
1098 2445 1266 2483 quatenus
1283 2435 1486 2472 affirmative
1505 2458 1519 2471 .

25 2470 69 2509 ΙΙ.
95 2480 155 2511 An
179 2476 302 2518 constet
325 2479 365 2513 de
377 2482 563 2516 attentatis
580 2506 590 2520 ,
623 2483 667 2517 ὠ·
690 2482 851 2527 quomodo
865 2479 932 2525 sint
948 2486 1132 2531 purganda
1155 2486 1191 2520 in
1212 2485 1287 2531 casu
1312 2488 1386 2522 &a
1404 2484 1436 2519 δι
1451 2493 1539 2531 qua·

213 2532 310 2560 tenus
332 2526 489 2571 negative
515 2527 556 2562 ad
578 2537 758 2574 utrumque
773 2551 782 2562 .

24 2564 92 2605 ΠΙ.
117 2572 176 2606 An
191 2572 332 2616 Censurae
356 2577 422 2620 ‘per
437 2574 630 2625 Episcopum
647 2579 814 2612 Minoren.
835 2577 916 2613 lam
937 2576 1168 2623 sustineantur
1184 2581 1218 2615 in
1245 2579 1320 2623 cafit
1339 2582 1414 2616 &c-

205 2659 291 2710 Ad
323 2659 365 2710 Ι.
403 2658 732 2714 Affirmative
764 2699 779 2714 .
832 2664 923 2716 Ad
960 2663 1034 2716 ΙΙ.
1072 2663 1410 2717 Affirmative
1444 2682 1541 2733 per

90 2724 234 2779 viam
269 2729 539 2781 nullitatis
563 2768 578 2784 .
613 2732 701 2783 Ad
734 2732 836 2785 ΠΙ.
854 2734 1124 2803 Negative
1145 2773 1159 2796 ‚
1196 2739 1245 2790 δι
1267 2735 1538 2847 atgpjlff&
