1977 3028
124 169 224 205 mane
237 169 478 194 convenerunt
494 159 530 195 in
556 160 645 197 idem
656 161 820 207 praedium
844 161 991 198 Carolus
1007 163 1210 201 Honoratus
1238 167 1369 203 Tiberi
1396 134 1611 217 Magdaleisae‘,

124 209 230 243 Pater
243 232 253 246 ,
273 206 411 252 eiusque
421 206 493 243 filia
506 232 517 246 ,
533 207 699 246 Sacerdos
717 209 909 249 Bottinius,
931 213 1129 248 Honoratus
1145 216 1290 251 Novalli
1302 243 1314 257 ‚
1336 217 1483 258 joannes
1496 217 1585 253 Preti
1599 245 1610 260 ‚

126 254 159 289 &
178 253 380 290 Franciscus
396 254 576 302 Giangian
590 284 602 297 ,
656 257 755 294 uibus
770 258 838 293 seie
852 258 1012 300 adjunxit
1037 270 1072 294 111
1088 262 1218 296 itinere
1243 264 1289 297 ob
1303 276 1382 299 vrus
1411 265 1611 301 Franciscus

128 300 257 338 Gross'o
271 311 412 349 rogatus
432 303 555 343 abiis,
585 313 621 340 ut
675 305 752 340 estis
779 303 860 340 esset
889 305 998 340 futuri
1018 309 1262 344 matrimonii.
1291 310 1610 354 Latueruntomnes

125 350 167 385 in
183 360 290 396 parva
302 350 378 386 casa
394 376 406 390 ,
432 362 507 396 quae
522 359 593 387 erat
621 352 656 387 in
684 353 817 400 praedio
835 376 846 388 .
869 351 964 388 Tum
988 355 1132 394 joannes
1157 357 1251 391 Preti
1266 360 1429 394 nuncium
1457 360 1544 396 misit
1567 363 1607 397 ad,

127 399 355 434 Advocatum
382 396 522 434 Petrum
548 399 727 440 Felicem,
751 399 810 446 qui
838 411 936 440 erat,
966 411 1002 434 ut
1022 403 1176 438 dlxlmus
1192 405 1283 451 apud
1312 405 1454 443 fratrem
1468 408 1504 442 in
1530 407 1606 442 Ca-

126 446 193 482 1110
210 471 220 485 ,
249 456 374 492 rogans
385 456 464 481 eum
480 471 490 485 ,
516 455 554 481 ut
572 447 615 483 ad
630 448 792 494 praedium
809 456 949 482 veniret
965 448 1180 485 allocuturus
1194 455 1232 485 de
1245 463 1285 487 re
1301 455 1417 497 gravi:
1441 466 1518 490 cum
1534 456 1605 490 Ad·

133 500 281 529 vocatus
298 494 493 533 cunctarer,
518 495 624 530 alium
639 521 650 535 ,
673 504 777 542 atque
791 494 899 529 alium
915 497 1077 531 nuncium
1110 499 1280 533 iubinisit.
1309 501 1453 537 Acccffit
1474 503 1606 546 impru-

134 542 253 577 denter
280 539 321 574 ad
334 539 506 587 praedium
533 543 756 581 Advocatus,
784 544 838 577 cui
860 543 1003 578 obviam
1028 544 1131 580 factus
1147 545 1294 586 joannes
1314 549 1405 583 Preti
1436 549 1602 585 sermones

129 587 262 623 nederc
277 588 376 633 caepit
391 615 401 629 ‚
425 600 503 623 cum
516 588 780 634 alloquerentur
792 617 800 630 ‚
827 601 921 625 venit
939 590 1086 627 Care—102
1102 595 1309 630 honoratus
1331 594 1473 632 Tiberti
1489 608 1604 631 arma-

130 644 185 670 tus
198 645 306 680 parvo
335 644 506 671 tormento
521 635 670 678 bellico,
696 639 777 684 quid
791 637 866 671 inde
893 640 1046 673 evenerit
1060 641 1470 678 audiemEminentiffimi
1487 645 1604 678 Patres

128 694 171 718 ex
184 693 243 717 ore
258 681 567 719 Franciscicroffo
583 684 672 720 testis
690 685 809 721 feralis
836 686 1044 722 matrimonii
1095 701 1154 734 qui
1172 689 1241 723 hac
1269 690 1369 725 babet
1386 691 1602 737 longiuscula

127 730 268 776 quidem
287 756 297 769 ‚
326 729 380 764 sed
393 729 579 768 necessario
592 734 792 778 apponenda
808 760 828 773 ,‚
854 733 991 769 Mentre
1007 735 1154 771 stavamo
1170 736 1193 771 li
1208 764 1217 776 ,
1248 739 1428 772 lentissiwo
1442 738 1578 784 persone
1590 764 1602 777 ,

129 803 154 819 ,‚
177 776 241 811 che
256 775 443 822 paffavano
457 789 520 826 per
537 780 566 814 la
589 780 696 816 strada
711 807 721 820 ,
747 782 786 816 ed
811 780 918 816 allora
943 782 1078 827 quelli,
1102 793 1165 819 cie
1191 795 1296 820 erano
1322 786 1413 820 nella
1435 786 1600 825 Casetta,

127 848 155 870 ρ,
177 821 331 864 differo,
358 836 377 859 e
394 824 492 865 ello,
522 827 683 864 edallora
706 828 889 864 sentistrro
902 831 1039 875 parlare
1055 831 1078 866 il
1103 841 1225 879 >ignor
1249 835 1435 868 Avvocato
1460 834 1601 873 Vento,

129 898 156 914 „
181 869 226 908 ed
245 871 270 906 il
286 871 358 919 Sig.
373 872 553 908 Giovanni
569 874 663 911 Preti
677 877 743 912 &c.
757 903 766 916 ‚
795 880 912 921 edopo
929 878 961 911 lo
978 879 1093 924 spazio
1105 881 1136 914 di
1156 891 1200 913 un
1217 879 1338 915 Credo
1352 892 1385 914 in
1400 882 1489 916 circa
1501 879 1600 915 sentii

125 945 154 961 0,
178 918 314 962 sparare
327 921 386 955 un’
399 921 624 957 Archibusata
641 950 651 963 ,
674 926 713 958 ed
725 924 831 958 allora
845 922 867 956 fi
883 923 959 969 apri
973 925 1006 958 13
1020 937 1124 970 porta
1138 926 1232 961 della
1245 926 1385 961 Casetta
1401 955 1410 967 ,
1432 929 1530 973 quale
1543 938 1601 961 era

129 992 153 1008 ‚.
179 967 264 1004 stata
277 965 428 1006 serrata,
452 979 471 1002 e
487 968 519 1004 la
545 970 687 1016 Signora
704 969 892 1006 Madalena
918 971 1058 1007 ”siberti
1078 976 1097 1007 11
1124 974 1203 1020 pose
1222 985 1238 1006 a
1263 975 1401 1019 gridare
1431 975 1600 1012 dicendo2

127 1040 154 1056 ‚,
182 1013 354 1051 meschina
365 1026 417 1050 me
430 1015 499 1052 mio
512 1016 652 1058 Padre‚e
663 1020 744 1054 tutti
756 1018 777 1052 st
791 1020 912 1054 miiero
926 1031 945 1054 a
960 1031 1093 1055 correre
1107 1021 1198 1056 fuori
1213 1020 1306 1056 della
1321 1024 1413 1058 det'ta
1428 1021 1574 1057 Casetta
1587 1047 1600 1060 .

128 1089 154 1103 „
180 1062 269 1098 edio
284 1061 330 1098 mi
346 1064 513 1100 trattenni
529 1065 632 1112 preffo
642 1066 733 1101 della
747 1064 848 1101 Porta
871 1077 933 1101 con
945 1079 990 1102 un
1004 1068 1104 1112 piede
1120 1067 1233 1108 fuori,
1264 1081 1282 1103 e
1296 1069 1320 1103 l'
1333 1070 1426 1105 altro
1439 1070 1563 1105 dentro
1575 1094 1601 1109 ,‚

86 1108 205 1156 Pergit
217 1109 310 1144 testis
324 1136 348 1151 ,‚
376 1110 488 1152 Vide,
514 1115 578 1150 che
592 1113 616 1149 il
636 1114 734 1149 detto
748 1113 866 1147 Vento
886 1125 999 1149 aveva
1014 1126 1060 1149 un
1081 1115 1177 1151 labro
1191 1141 1200 1155 ‚
1225 1117 1287 1150 0110
1300 1116 1348 1163 gli
1361 1118 1488 1152 cadeva
1504 1126 1601 1152 tutto

129 1182 156 1198 ‚,
180 1157 312 1203 sangae
326 1184 336 1197 ‚
362 1158 495 1201 evidi,
520 1161 583 1196 che
596 1172 740 1197 correva
755 1173 816 1208 per
840 1163 1020 1197 andarsene
1039 1162 1126 1198 fuori
1153 1163 1211 1198 del
1230 1165 1347 1209 predio
1376 1163 1530 1199 suddetto
1544 1190 1554 1203 ,
1579 1175 1599 1198 e

130 1229 156 1248 ‚,
181 1204 356 1241 cori-endo
370 1206 479 1241 cadde
496 1233 506 1247 ‚
534 1208 575 1242 ed
591 1220 702 1245 aveva
717 1220 763 1244 un
787 1208 902 1248 labro,
925 1210 988 1243 che
1000 1209 1048 1255 gli
1074 1211 1227 1255 pendeva
1248 1210 1394 1256 tagliato
1407 1238 1417 1251 ,
1438 1223 1456 1246 e
1473 1211 1601 1246 stacea-

127 1277 153 1293 ‚‚
178 1260 216 1288 to
229 1263 290 1297 per
302 1253 402 1288 causa
415 1253 506 1290 della
520 1254 623 1291 ferita
635 1282 644 1296 ‚
668 1256 708 1290 ed
722 1266 833 1291 aveva
848 1256 871 1290 il
894 1257 1084 1302 giustacore
1100 1267 1190 1293 tutto
1204 1259 1317 1304 sparso
1331 1260 1363 1293 di
1379 1258 1504 1304 sangue
1519 1284 1528 1297 ,
1553 1257 1600 1293 ed

128 1324 152 1339 „
177 1297 311 1334 essendo
334 1302 457 1335 caduto
472 1327 480 1340 ,
506 1302 591 1337 tutti
601 1302 760 1343 corsero,
785 1303 825 1336 ed
840 1302 971 1338 essendo
989 1304 1041 1339 alz
1067 1315 1102 1341 to
1117 1332 1126 1345 ‚
1156 1307 1181 1340 il
1196 1306 1306 1341 Padre
1323 1307 1370 1352 gli
1397 1306 1477 1341 diss'e
1503 1306 1599 1340 vieni

126 1372 153 1387 ,,
179 1358 199 1381 a
209 1345 341 1392 sposare
355 1346 421 1382 mia
434 1347 528 1394 figlia
542 1374 552 1388 ‚
572 1351 612 1385 ed
624 1348 689 1385 esso
700 1351 766 1397 Sig.
783 1350 898 1386 Vento
912 1351 935 1385 li
949 1349 1078 1397 rispose
1092 1355 1154 1388 ben
1168 1353 1357 1399 volentieri
1370 1380 1379 1393 ‚
1401 1354 1441 1388 ed
1456 1353 1481 1387 il
1498 1352 1600 1388 Prete

125 1419 151 1434 .,
175 1392 285 1429 Garlo
299 1391 429 1429 Bottini
445 1394 468 1430 li
482 1395 590 1437 disse,
617 1397 674 1432 son
698 1399 757 1444 qui
775 1409 872 1433 come
888 1399 1048 1435 Ministro
1070 1412 1132 1435 con
1159 1399 1240 1436 tutti
1259 1401 1269 1436 i
1297 1400 1379 1436 miei
1402 1400 1541 1446 ricapiti
1564 1399 1600 1435 di

124 1465 150 1483 ‚‚
179 1436 400 1489 Monfigiiore
414 1467 422 1482 ‚
452 1443 485 1478 se
502 1445 762 1492 voletesposare
788 1447 855 1480 mia
868 1457 988 1493 cugina
1002 1472 1012 1486 ‚
1045 1449 1107 1484 0110
1120 1450 1207 1494 (10ρο
1220 1458 1316 1483 tanto
1340 1457 1459 1494 tempo
1481 1447 1597 1484 sareb-

127 1515 152 1530 ‚,
177 1487 223 1522 be
237 1500 297 1524 ora
311 1514 322 1528 ,
347 1489 434 1525 edil
455 1492 524 1538 Sig.
539 1494 650 1528 Vento
669 1493 792 1539 rispose
806 1495 868 1529 ben
897 1493 1081 1530 volentieri
1094 1524 1102 1535 ‚
1126 1496 1191 1531 ben
1205 1496 1387 1530 volemieri
1404 1522 1414 1534 ‚
1441 1507 1459 1529 e
1472 1496 1506 1531 di
1522 1496 1545 1530 li
1562 1494 1596 1529 sc

128 1562 153 1577 „
179 1546 220 1570 ne
234 1536 456 1573 ritornorono
474 1539 560 1574 tutti
585 1540 678 1576 neila
693 1541 821 1577 casetta
848 1541 997 1577 suddetta
1012 1570 1021 1583 ,
1047 1558 1064 1580 e
1082 1544 1105 1578 li
1124 1543 1157 1578 fu
1174 1543 1258 1578 fatto
1281 1544 1304 1578 il
1323 1542 1545 1578 matrimonio
1558 1542 1595 1576 in

128 1582 338 1629 ‚,-presenza
351 1583 385 1618 di
403 1586 498 1621 detto
524 1586 698 1635 Giangian
724 1588 824 1627 filio,
852 1589 1034 1629 Novello,
1062 1591 1154 1631 mia,
1175 1604 1193 1626 e
1217 1592 1269 1625 del
1296 1591 1399 1627 detto
1426 1590 1496 1636 Sig.
1523 1589 1598 1624 Ti·-

114 1648 154 1673 *„
177 1630 268 1666 berti
285 1632 390 1676 padre
403 1657 426 1671 2,
450 1632 631 1670 Convenit
647 1647 726 1671 cum
752 1634 834 1671 teste
847 1637 933 1672 alter
953 1639 1042 1672 testis
1061 1641 1206 1680 joannes
1227 1639 1319 1673 Preti
1340 1638 1439 1673 datus
1456 1639 1498 1671 ab
1525 1636 1596 1683 ipsa

128 1677 337 1725 Magdalena
350 1702 361 1716 ,
386 1679 471 1715 licet
489 1681 524 1716 in
542 1682 740 1730 quibusdam
753 1710 763 1723 ,
789 1696 864 1730 quae
877 1687 914 1720 ad
927 1687 974 1719 rei
994 1687 1208 1722 substantiam
1234 1697 1290 1721 vix
1317 1685 1496 1732 pertinent
1520 1684 1596 1719 dis-

129 1727 314 1761 conveniat
328 1737 348 1761 a
367 1725 517 1767 6101105
539 1741 600 1764 nec
614 1731 821 1778 ambigitura
846 1732 976 1767 Carolo
993 1733 1172 1769 Honorato
1196 1734 1329 1769 siberti
1345 1733 1412 1768 16111
1429 1731 1595 1768 tormenti

128 1772 247 1808 bellici
262 1799 273 1814 ,
293 1785 361 1819 quo
373 1786 524 1811 armatus
538 1786 614 1812 erat
629 1805 639 1817 ,
661 1778 848 1823 percussum
862 1779 956 1815 fuiffe
985 1784 1205 1817 Advocatum
1221 1795 1227 1814 ε
1259 1782 1462 1828 Ambigitur
1474 1791 1516 1814 an
1530 1790 1594 1825 ag-

126 1817 258 1868 gress'or
270 1819 372 1856 fuerit
386 1847 396 1863 ‚
422 1824 479 1857 vel
493 1823 682 1869 aggressus,
706 1827 798 1871 quod
820 1827 906 1863 dicit
921 1830 1026 1862 bonus
1050 1829 1108 1863 ille
1127 1830 1269 1871 Joannes
1291 1829 1408 1863 Preti..
1432 1828 1483 1862 lta
1498 1838 1591 1862 con·

127 1869 271 1903 tractum
285 1868 351 1904 suit
368 1869 503 1905 bellum
516 1871 582 1905 hoe
598 1871 856 1908 matrimonium
872 1874 962 1908 inter
978 1875 1086 1909 cades
1099 1902 1107 1913 ‚
1131 1877 1275 1911 vulnera
1292 1900 1301 1913 ‚
1321 1876 1352 1909 ὅ(
1370 1874 1568 1919 sanguinem
1582 1898 1594 1912 .

125 1926 194 1963 quo
221 1914 387 1961 respersus
405 1915 470 1950 fuit
493 1917 604 1957 liber,
637 1919 669 1953 ὃ(
688 1917 792 1959 stola,
821 1920 944 1966 quibus
968 1922 1123 1957 utebatur
1148 1922 1308 1958 Sacerdos
1336 1921 1394 1955 ille
1423 1920 1595 1956 Bottiniut

113 1961 300 2011 ⁴minister,
326 1971 367 1998 ut
381 1962 447 1998 sese
461 1964 568 2004 dixit,
593 1966 706 2013 magni
731 1966 829 2009 hujus
851 1967 1083 2004 sacramenti.
1110 1969 1182 2004 Vix
1202 1971 1381 2004 contracto
1410 1967 1594 2002 martimo-

127 2010 210 2050 nio,
236 2009 380 2046 disceffit
394 2011 492 2047 nullo
503 2012 626 2048 comite
641 2013 845 2049 Advocatus
860 2014 1002 2057 Vento,
1031 2016 1087 2052 sed
1109 2016 1220 2052 tribus
1234 2016 1436 2052 vulneribus
1463 2015 1595 2051 saucius

129 2055 269 2093 domum
284 2058 466 2105 pervenire
482 2071 552 2095 non
579 2061 718 2107 potuit,
749 2060 939 2108 debuitque
966 2063 1141 2100 confistere
1167 2064 1205 2099 in
1221 2062 1427 2099 Monasterio
1451 2063 1593 2097 Pati-um

129 2103 163 2139 S,
181 2104 356 2143 Francisci
373 2133 383 2149 ‚
408 2107 500 2153 quod
515 2108 560 2144 est
586 2108 622 2143 in
636 2109 692 2144 via
710 2135 718 2144 .
747 2108 913 2145 Damnati
932 2111 1067 2146 fuerunt
1081 2111 1119 2147 ad
1146 2111 1303 2148 triremes
1325 2122 1343 2146 3
1362 2110 1460 2147 Fisco
1477 2110 1593 2145 Caro-

129 2150 182 2186 lus
195 2152 396 2190 Honoratus
410 2154 556 2191 Tiberti
570 2182 581 2195 ,
610 2157 755 2198 Joannes
771 2156 889 2197 Preti,
915 2158 1117 2195 Honoratus
1133 2159 1308 2199 Novelli,
1334 2159 1366 2194 81
1394 2156 1594 2193 Franciscus

128 2195 304 2246 Giangian
322 2227 333 2242 ,
352 2202 558 2249 Magdalena
575 2215 658 2239 vero
670 2204 768 2240 exilii
784 2216 885 2249 poena
899 2217 916 2239 a
933 2214 1009 2242 tota
1035 2206 1176 2243 Monaci
1190 2206 1321 2243 ditione
1340 2220 1348 2239 :
1375 2203 1499 2246 Jussum
1519 2203 1565 2240 est
1579 2231 1591 2246 ,

130 2254 169 2280 ut
195 2247 382 2285 traderetur
406 2249 575 2293 processus
601 2251 720 2288 Curiae
744 2250 980 2292 Ecclefiasticae
996 2281 1006 2295 ‚
1030 2265 1068 2290 ut
1090 2262 1211 2290 contra
1233 2255 1454 2289 Sacerdotem
1478 2253 1592 2287 Botti-

126 2293 223 2328 nium
236 2305 336 2340 agere
349 2296 457 2342 poffet
474 2297 652 2334 Promotor
665 2325 674 2338 ‚
708 2297 760 2334 sed
777 2300 867 2335 nihil
883 2301 954 2346 egit
970 2328 980 2338 .
1004 2303 1145 2339 Poenam
1161 2314 1298 2350 quoque
1313 2301 1474 2347 fugerunt
1493 2299 1592 2335 dam-

127 2342 226 2379 nati,
255 2353 332 2389 nam
349 2345 548 2380 Advocatus
564 2346 706 2382 fiscalis
720 2345 829 2383 affinis
849 2347 991 2385 Tiberti
1016 2350 1280 2396 appellationem
1304 2356 1506 2394 impetravit
1520 2374 1530 2388 ,
1556 2348 1592 2383 &

125 2399 144 2421 a
170 2387 316 2424 secundo
326 2391 440 2431 Judice
453 2392 600 2429 absoluti
616 2394 755 2430 fuerunt
773 2406 890 2430 omnes
907 2420 916 2434 ‚
940 2396 1103 2434 damnato
1127 2398 1306 2433 dumtaxat
1323 2397 1455 2432 Carolo
1468 2395 1596 2430 Hono-

125 2444 199 2470 1310
211 2435 356 2472 Tiberti
380 2438 414 2473 in
428 2449 555 2475 certam
571 2442 721 2488 pecuniae
734 2446 963 2488 quantitatem
977 2469 989 2481 .

78 2480 251 2530 Confugit
267 2485 464 2521 Advocatus
488 2487 609 2524 Vento
623 2490 662 2523 ad
679 2489 746 2524 hoc
769 2491 908 2525 Sacrum
923 2490 1094 2528 Tribunal
1109 2519 1120 2533 ,
1148 2501 1185 2528 ut
1200 2491 1337 2527 nullum
1357 2489 1593 2539 declareretur

126 2531 385 2567 matrimonium
403 2544 495 2569 metu
509 2537 716 2572 contraCkum
733 2562 743 2576 ‚
767 2537 798 2571 &
815 2540 948 2573 auditus
963 2539 1145 2585 Episcopus
1164 2567 1174 2580 ‚
1201 2547 1291 2575 totus
1305 2537 1373 2572 fuit
1391 2537 1428 2571 in
1454 2535 1594 2582 Episto-

125 2575 159 2611 la
175 2577 232 2614 sua
248 2605 257 2619 ,
282 2588 320 2614 ut
332 2578 364 2615 se
376 2581 555 2618 excusaret
568 2586 607 2618 de
633 2583 799 2619 facultate
819 2585 965 2620 cuilibet
987 2587 1164 2622 Sacerdoti
1187 2587 1264 2622 data
1280 2612 1289 2622 ,
1316 2594 1354 2620 ut
1377 2595 1595 2636 quocumque

125 2624 201 2659 ¹0C0
215 2652 225 2666 ³
246 2626 415 2674 nullisque
431 2630 604 2675 praemiffis
616 2630 936 2667 denunciationibus
955 2658 965 2672 ,
988 2633 1128 2679 praesens
1142 2633 1206 2668 effe
1234 2631 1340 2677 posset
1366 2631 1597 2668 matrimonio

125 2671 217 2707 inter
230 2673 448 2710 Advocatum
465 2676 582 2713 Vento
597 2704 606 2717 ‚
633 2679 664 2713 &
681 2678 920 2726 Magdalenam
943 2681 1084 2718 Tuberti
1097 2681 1352 2717 contrahendo.
1379 2679 1494 2715 Causa
1509 2690 1596 2713 vero

123 2731 304 2767 numquam
328 2723 499 2770 proposita
515 2725 606 2764 fuit,
635 2727 819 2771 praepedito
846 2728 1029 2764 Advocato
1058 2729 1186 2769 bellis,
1210 2739 1282 2775 quae
1309 2728 1484 2774 Regiones
1512 2726 1597 2778 illas

121 2768 316 2806 vastarunt.
344 2770 460 2808 Rebus
487 2785 578 2810 nunc
599 2773 819 2822 compositis,
843 2785 965 2823 urget,
992 2786 1029 2811 ut
1053 2775 1249 2815 dissolvatur
1275 2786 1294 2810 a
1319 2776 1452 2825 laqueo·
1471 2774 1597 2813 inleOO

243 2821 406 2855 Tom.XX.
975 2823 1004 2858 F
1026 2834 1050 2860 ,ς
1387 2831 1547 2868 primum
