1977 3028
105 118 347 202 jaerirgatsspgst
358 124 480 169 Agnos
497 129 604 163 etiam
620 126 721 165 'unita
738 140 746 163 e
771 127 996 167 definiendum
1011 130 1122 179 itaque
1137 143 1227 171 nunc
1240 134 1287 171 est
1298 135 1369 183 post
1385 144 1436 174 tot
1448 101 1566 174 discr}1

109 178 177 202 mln
271 180 290 202 u
321 179 390 203 lum
404 197 414 206 .

65 214 333 259 Ansitstandum
349 218 384 252 in
399 222 515 266 primo
527 247 540 263 ,
564 223 626 261 vel
640 223 783 267 secundo
796 227 869 263 loco
886 226 997 270 decisis
1009 230 1051 276 in·
1069 231 1144 274 casu
1158 235 1236 268 &a

159 307 201 344 In
212 308 334 346 ultimo
350 312 426 349 loco
449 314 595 358 decifis,
622 318 654 353 δι
678 320 844 367 amplius.

64 407 145 491 C
161 405 896 452 ONSTANTIEN.CANONICATUS
919 429 926 436 ·
949 417 1043 454 Data
1058 418 1123 454 fuit
1139 420 1209 456 haec
1225 419 1338 456 Causa
1356 422 1390 457 in
1407 426 1501 461 Folio
1519 428 1576 462 ul-

171 458 262 490 timae
278 463 558 504 congregationis
581 460 702 497 habitae
718 466 770 498 dic
786 464 963 511 27.e1.³pfi
993 467 1107 508 mensis
1139 472 1265 504 Martii
1285 495 1295 507 ,
1321 469 1373 504 sed
1403 472 1572 518 proposita

113 500 277 537 nonfuit:
305 504 519 550 Proponetur
534 519 622 542 nunc
635 533 646 548 ,
670 520 708 544 ut
732 514 895 550 credimus
911 540 920 553 ‚
947 514 977 547 ὅ(
993 514 1251 549 Eminentiffimi
1267 516 1378 553 Patres
1394 544 1402 555 ,
1427 520 1575 565 repetita

117 550 267 589 lectione
279 553 379 588 illius
394 555 485 590 Folii
500 580 511 594 ,
535 555 601 590 duo
616 581 627 595 ,
655 568 728 602 quae
745 557 927 605 sequuntur
944 586 954 600 ,
976 560 1102 607 Capita
1117 561 1256 597 definire
1271 574 1431 610 poterunt
1447 594 1455 602 .

71 595 101 633 ἰ.
124 606 184 636 An
209 601 379 648 praetensa
397 606 582 649 privatio,
604 608 647 640 Θ
667 609 855 643 nominatio
878 610 1025 656 capitali
1039 609 1270 652 sffbstineatrzr
1290 639 1300 653 ‚
1320 614 1380 656 sen
1404 615 1575 662 potiusfit

256 651 491 694 exequendum
507 651 716 698 Rescriptum
734 657 934 695 Sanffliffimi
948 660 980 691 in
1007 657 1084 699 casn
1104 661 1179 693 &a
1194 683 1203 696 ‚
1227 658 1258 692 <St
1273 670 1440 706 quatenus
1469 674 1575 709 nega-

253 695 327 731 tive
341 697 380 730 ad
394 696 536 743 primam
550 723 560 737 ,
586 697 618 732 ἃ
637 698 841 736 affirmative
854 703 898 739 ad
911 703 1088 739 secundam
1113 713 1241 750 partem
1255 730 1264 739 .

67 742 118 779 Π.
141 750 201 780 ,An
217 769 227 785 ,
253 749 297 781 όν
314 756 335 776 a
350 755 415 789 quo
429 753 579 794 tempore
602 747 793 783 debeantur
810 755 968 788 Canonico
989 752 1241 798 Stapfffrm‘lus
1254 780 1264 794 ‚
1290 755 1543 797 distributiones
1562 781 1573 798 ,

255 794 300 828 &¹
315 791 387 828 alia
406 803 622 840 quaecumque
638 795 864 833 emolumenta
884 800 1101 835 canonicalia
1115 797 1151 836 in
1173 801 1246 845 cafit
1263 806 1337 839 &a

161 888 219 924 Ad
238 887 262 922 I.
283 884 464 933 Negative
477 886 519 922 ad
547 891 697 934 primam
723 901 851 936 partem
866 906 877 927 e
905 893 1127 929 Affirmative
1142 895 1182 929 ad
1206 894 1394 934 secumdam
1409 926 1416 934 .
1445 900 1500 934 Ad
1532 900 1576 937 ΙΙ.

112 935 238 983 Qoad
253 932 377 970 frustus
400 933 591 971 Praebendae
614 937 731 973 deberi
748 949 898 984 prototo
921 951 1074 988 tempore
1088 965 1100 977 .
1126 945 1162 977 ln
1174 943 1316 990 reliquis
1336 947 1456 982 deberi
1471 959 1490 982 a
1516 947 1576 983 die

113 983 263 1022 redditus
275 983 314 1017 ad
337 981 572 1018 Restdentiam
587 1010 596 1019 .

167 1076 394 1114 IVlTATlS
413 1077 651 1118 CASTELLI
678 1081 1032 1121 CAPPELLANIAE
1057 1097 1067 1118 ε
1094 1085 1177 1120 Haec
1200 1096 1334 1132 quoque
1358 1087 1469 1124 Causa
1500 1090 1579 1124 data

173 1125 240 1161 suit
256 1125 292 1160 in
306 1127 401 1163 Folio
420 1129 546 1164 ultimae
565 1133 840 1175 congregationis
860 1135 912 1167 die
939 1141 995 1177 27.
1017 1136 1144 1168 Martii
1169 1158 1179 1171 ,
1209 1132 1263 1166 sed
1291 1135 1479 1171 Dominico
1506 1136 1579 1171 Ca-

114 1173 205 1212 trani
221 1172 420 1209 dilationem
435 1174 645 1219 postulante,
670 1176 868 1226 rescriptum
887 1177 972 1213 fuit:
999 1181 1122 1216 Dilata
1145 1182 1188 1214 ad
1206 1181 1402 1226 sequentem
1425 1197 1432 1217 :
1464 1183 1579 1231 Expe-

111 1223 279 1258 ‘diendum
293 1220 409 1269 itaque
424 1221 471 1257 est
484 1223 668 1268 Dubiumj.

66 1272 126 1308 'usn
144 1271 362 1317 eappellania
387 1294 399 1308 ‚
422 1272 461 1306 de
487 1282 554 1317 qua
570 1281 691 1317 agetur
705 1297 717 1312 ³
738 1272 783 1316 fit
806 1286 897 1314 mere
920 1276 1074 1312 Laicalis
1088 1300 1100 1314 ,
1128 1281 1224 1312 itaut
1256 1278 1511 1326 retinerepoffit
1534 1277 1577 1313 ab

91 1316 95 1318 ’
117 1319 310 1355 Oratorein
324 1316 420 1358 statu
443 1316 616 1364 conjugali
630 1322 665 1355 in
686 1326 763 1365 casu
776 1326 851 1360 &a

162 1411 387 1448 Affirmative
403 1412 444 1448 ad
461 1413 603 1460 primam
617 1423 748 1462 partem
763 1431 773 1452 ε
798 1419 973 1467 Negative
989 1419 1030 1455 ad
1042 1418 1221 1456 secundam
1233 1443 1244 1458 ‚
1268 1419 1300 1454 δι
1314 1420 1459 1467 amplius
1472 1447 1481 1459 .

71 1509 152 1592 C
170 1506 570 1546 OMPOSTELLANA
591 1538 601 1552 ,
627 1512 716 1549 SEU
746 1513 1286 1553 LUCEN.CENSURARUM
1308 1528 1317 1548 ε
1343 1516 1433 1552 Cum
1460 1516 1580 1553 Petrus

177 1553 312 1591 Rivera
326 1555 368 1590 de
380 1555 538 1604 Quiroga
558 1559 733 1598 Parochus
745 1565 778 1599 S.
796 1562 924 1605 juliani
938 1565 978 1599 de
996 1565 1026 1600 la
1054 1563 1151 1608 Vega
1165 1588 1176 1602 ,
1201 1564 1235 1599 8<
1249 1565 1283 1598 S.
1300 1563 1418 1599 Mariua
1434 1564 1475 1599 de
1501 1564 1579 1599 Ru-

117 1603 177 1638 bin
201 1602 307 1647 impar
334 1602 516 1640 videretur
540 1608 586 1642 ob
609 1608 813 1647 senectutem
829 1612 960 1647 muneri
981 1611 1040 1648 suo
1059 1611 1215 1646 obeundo
1233 1637 1243 1651 ‚
1271 1610 1426 1656 Angelus
1445 1611 1579 1648 Gomez

115 1649 300 1696 Anguiano
319 1650 477 1688 Vicarius
492 1652 674 1692 Generalis
688 1656 844 1695 Lucensis
861 1686 871 1700 ‚
893 1671 996 1707 quern
1015 1660 1236 1701 Provisorem
1265 1668 1392 1693 vocant
1409 1687 1416 1697 ‚
1443 1659 1497 1694 die
1522 1671 1580 1696 22.

116 1696 244 1733 Menfis
268 1697 426 1735 Octobris
439 1712 532 1737 anno
560 1707 656 1749 1746.
671 1705 703 1740 ei
728 1707 838 1750 justit,
865 1716 903 1742 ut
927 1706 1144 1742 Sacerdotem
1171 1705 1362 1741 nominaret
1381 1732 1392 1744 ,
1416 1708 1473 1752 qui
1498 1707 1577 1743 vice

117 1744 174 1779 sua
195 1755 313 1780 curam
332 1746 524 1784 animarum
550 1761 722 1788 exerceret
745 1781 756 1794 ,
781 1755 883 1802 idque
908 1754 941 1789 se
963 1754 1073 1789 facere
1092 1779 1102 1792 ‚
1128 1755 1159 1788 δι
1183 1754 1298 1795 jubere
1324 1753 1485 1789 Provisor
1503 1754 1553 1789 ait
1568 1782 1579 1796 ‚

117 1799 156 1826 ut
178 1803 408 1839 exequeretur
431 1795 623 1834 Decretum
636 1799 682 1834 ab
709 1801 879 1848 Episcopo
892 1803 997 1837 latum
1014 1801 1049 1836 in
1062 1799 1276 1837 vifitatione.
1307 1801 1476 1837 Parochus
1490 1802 1577 1854 *duos

117 1838 309 1875 nominavit
325 1842 527 1878 Sacerdotes
543 1871 553 1884 ‚
577 1846 850 1890 quisaeultatem
867 1874 876 1887 ,
903 1847 1166 1894 potestatemque
1188 1848 1360 1883 habebant
1383 1848 1577 1893 exciptendt

117 1885 348 1922 Confeffiones
362 1889 629 1927 sacramentales
643 1919 652 1933 ,
675 1905 800 1939 nempe
819 1895 1012 1930 Antonium
1025 1895 1066 1927 de
1089 1894 1227 1929 Camba
1248 1921 1257 1934 ,
1285 1896 1315 1929 ὅ(
1335 1895 1489 1930 Marcum
1506 1894 1576 1930 Lo-

116 1944 183 1982 pez
197 1959 206 1969 .
233 1936 281 1969 At
298 1935 458 1971 Provisor
476 1963 486 1978 ‚
507 1937 627 1984 *spreta
645 1941 876 1977 nominatione
892 1941 973 1978 faCIa
989 1952 1007 1976 a
1023 1939 1176 1976 Parocho
1191 1968 1200 1980 ,
1225 1952 1330 1988 eoque
1346 1953 1413 1976 non
1430 1943 1548 1977 audito
1565 1968 1577 1982 ,

117 1982 172 2017 die
188 1994 242 2018 11.
268 1981 478 2020 Novembris
505 1986 623 2020 eodem
650 1999 738 2022 anno
761 1989 934 2036 deputavit
962 1988 1140 2024 Vtcarium
1163 1988 1335 2024 Curatum
1355 1990 1575 2024 Sacerdotem

118 2028 300 2076 josephum
314 2030 458 2066 Pineiro
471 2057 480 2071 ,
508 2032 612 2079 eique
630 2034 809 2080 affignavit
824 2036 1022 2082 stipendium
1048 2038 1245 2072 ducatorum
1263 2043 1309 2071 60
1337 2063 1347 2077 ‚
1373 2038 1404 2072 δι
1423 2036 1576 2089 dimidiat

116 2077 229 2121 partis
250 2078 521 2119 obventionum,
547 2092 618 2126 quae
634 2082 797 2120 dzcuntur
823 2086 877 2121 del
894 2089 954 2133 pie
978 2086 1046 2121 del’
1062 2086 1192 2120 altare
1220 2111 1226 2119 .
1259 2085 1462 2120 Provocavit
1478 2084 1577 2119 tll1co

117 2123 289 2160 Parochus
301 2127 339 2159 ad
357 2125 664 2173 Metropolitanam
678 2129 819 2167 Curiam
835 2131 1144 2179 Compostellanam
1161 2158 1170 2172 ,
1197 2132 1226 2167 ὅ(
1241 2131 1354 2168 literas
1370 2134 1413 2167 ab
1425 2143 1464 2167 ea
1479 2131 1572 2166 obti-

118 2172 195 2206 nuit
221 2174 470 2212 antorides,
495 2179 538 2211 &
555 2177 835 2221 Inhibitoriales,
861 2179 914 2215 sed
939 2188 1121 2215 metuensa
1147 2178 1326 2216 Provisore
1351 2176 1493 2214 Lucenfi
1517 2188 1574 2213 eas

119 2228 187 2252 non
201 2218 304 2254 edidit
315 2246 325 2260 ,
349 2221 520 2267 petiitque
534 2233 554 2258 a
571 2223 750 2260 Provisore
765 2253 775 2267 ‚
801 2237 839 2263 ut
852 2235 965 2263 amoto
983 2227 1164 2263 Sacerdote
1178 2226 1322 2273 Josepho
1338 2227 1477 2262 Pineiro
1493 2252 1503 2266 ,
1528 2226 1578 2261 al·

119 2274 232 2300 terum
245 2277 288 2301 ex
312 2268 571 2311 Sacerdotibus,
592 2282 674 2316 quos
690 2271 814 2309 iterum
827 2275 1020 2311 nominavit
1033 2301 1043 2315 ‚
1073 2274 1250 2310 Vlcarium
1270 2274 1440 2310 Curatum
1467 2274 1578 2319 depu-

118 2320 233 2349 taret.
259 2313 394 2355 Semel,
420 2315 567 2361 iterum,
593 2319 699 2355 tertio
714 2321 899 2365 postulavit
925 2322 956 2357 id
976 2321 1143 2357 Par-ochus
1162 2323 1233 2365 jure
1261 2323 1395 2369 optimo
1414 2348 1423 2362 ‚
1455 2320 1579 2371 appe-l·

120 2359 191 2394 lans
207 2384 218 2400 ,
240 2359 301 2394 nist
316 2361 346 2396 id
359 2359 455 2398 fieret
469 2391 478 2404 ,
505 2364 536 2399 &
554 2375 671 2409 petens
686 2368 804 2404 literas
818 2369 1057 2406 testimoniales
1071 2370 1311 2416 appellationis
1329 2397 1338 2410 ,
1368 2370 1398 2404 &
1417 2368 1544 2404 decreti
1564 2392 1577 2407 .

119 2406 248 2454 siquod
263 2406 368 2443 latum
389 2408 522 2446 suiffet=
547 2411 681 2449 Frustra
701 2424 843 2456 tamem
871 2416 1030 2452 provisor
1054 2417 1147 2451 enim
1174 2417 1306 2452 nullum
1337 2417 1419 2450 tulit
1445 2415 1579 2450 Decre—

121 2463 195 2489 tum
209 2481 218 2494 ,
243 2465 352 2501 neque
369 2457 632 2503 appellationem
646 2462 767 2505 rejecit
782 2491 793 2504 ‚
817 2465 870 2500 sed
885 2464 931 2499 ira
954 2463 1202 2509 percitusiuffit
1218 2489 1229 2503 ,
1254 2474 1291 2498 ut
1319 2463 1493 2498 Parochus
1509 2460 1578 2496 sese

121 2501 334 2537 inCivitate
349 2501 488 2540 Lucensl
502 2506 624 2542 fisteret
636 2534 646 2548 ‚
671 2510 705 2544 &
723 2511 889 2547 continuo
902 2512 1078 2547 Promotor
1095 2511 1238 2546 Fiscalis
1256 2511 1445 2546 Parochum
1466 2509 1578 2544 senem

120 2549 317 2597 capularem
344 2551 385 2585 de
407 2551 607 2591 crimimbus
631 2557 738 2593 carnis
763 2558 961 2595 accusavit.
984 2558 1101 2594 Paruit
1132 2558 1299 2593 Parochus
1318 2584 1330 2598 ‚
1355 2558 1515 2608 venitque
1542 2557 1577 2591 in

119 2596 315 2633 Civitatem
327 2597 512 2635 Lucensem
525 2628 535 2642 ,
563 2603 661 2649 eique
675 2603 769 2642 illico
781 2606 945 2642 indictum
959 2604 1004 2641 est
1019 2617 1037 2640 a
1053 2605 1231 2642 provisore
1244 2630 1255 2645 ,
1280 2615 1315 2640 ut
1331 2604 1463 2641 Urbem
1482 2604 1579 2638 illam

121 2642 202 2678 loco
212 2655 386 2681 carcerum
401 2647 540 2684 haberet
553 2675 563 2688 ‚
586 2650 663 2686 dum
690 2651 810 2689 Testes
822 2653 1005 2689 criminum
1023 2653 1302 2699 perquirerentur
1317 2664 1336 2687 a
1355 2652 1498 2687 Pineiro
1514 2651 1578 2685 Vi·

120 2691 218 2726 cario
230 2691 364 2730 Curato
375 2720 386 2736 ‚
411 2694 467 2741 qui
481 2707 499 2730 a
511 2696 710 2735 Promotore
724 2700 844 2737 Fiscali
859 2702 1066 2737 Procurator
1080 2699 1282 2736 constitutus
1302 2700 1413 2736 fuerat
1429 2700 1464 2735 in
1480 2697 1576 2733 causa

117 2738 290 2775 criminali
304 2763 316 2776 .

1433 2791 1472 2828 In
1484 2791 1537 2827 his

1634 418 1710 466 Seff.
1719 429 1776 462 24.
1787 433 1815 457 c.
1828 430 1868 457 Π·

1610 470 1648 504 de
1662 468 1732 516 Ref-
