1977 3028
110 143 170 170 ιι,
206 126 296 164 tertii
323 124 445 174 gradus
460 126 655 163 un’oaeava
688 128 804 165 d’una
831 125 959 177 {ittarta
978 154 989 170 .
1011 127 1128 168 ultimi
1141 134 1280 171 demum
1310 136 1435 183 gradus
1460 102 1585 177 mea-{3

110 179 219 215 bacile
233 203 244 218 ‚
269 175 342 219 osia
354 187 398 210 un
412 174 620 218 decimoflesto
632 199 642 211 .

63 229 165 265 Hanc
181 234 299 263 tamen
324 231 440 257 taxam
454 222 602 269 recipere
630 223 851 261 renuentibus
865 225 1082 264 Paroehiauis
1099 254 1110 268 ‚
1141 230 1172 265 &
1193 230 1479 268 contendentibus
1503 235 1583 281 cogi

110 285 177 309 non
193 272 285 320 posse
300 273 340 307 ad
358 269 609 316 praestationem
624 281 727 322 certae
753 273 959 318 quantitatis
977 272 1144 312 frumenti
1159 303 1169 317 ,
1195 290 1271 314 cum
1285 280 1412 326 semper
1436 281 1583 317 tradide-

110 324 180 357 rint
203 321 364 368 quidquid
377 343 388 357 ,
418 318 449 353 ἃ
462 317 559 359 juxta
575 319 818 355 conditionem
831 347 842 361 ,
868 321 1059 368 statumque
1073 325 1316 370 personarum,
1341 329 1373 364 ἃ
1387 329 1581 371 imitatem-

111 369 284 417 pestatum
298 368 488 404 ubertatem
504 390 516 406 ‚
540 365 596 402 vel
612 364 828 408 sterilitatem
851 370 931 404 dare
958 379 1144 414 potuerunt
1157 399 1168 413 ‚
1193 372 1362 410 Parochus
1376 378 1414 411 ad
1429 377 1491 411 boc
1515 377 1582 414 Sa-

111 429 206 453 crum
223 414 388 452 Tribunal
403 412 499 448 venit
514 440 525 463 ·.
555 414 688 449 Audito
699 414 868 464 Episcopo
882 443 892 456 ‚
919 415 1073 464 praefixus
1090 419 1157 456 fuit
1170 420 1394 458 Parochianis
1412 424 1576 460 terminus

110 467 148 499 ad
164 465 234 505 jura
246 462 463 512 proponenda
476 486 487 500 ,
514 461 595 496 inde
613 460 731 503 iussum
747 464 795 499 est
814 491 825 505 ‚
850 473 886 500 ut
899 466 1145 504 constituerent
1169 468 1376 510 Judicialem
1403 472 1579 508 Procura-

112 522 223 548 torem
237 539 247 553 ,
271 510 419 557 denique
431 533 442 548 ,
469 508 512 544 iis
528 510 636 545 adhuc
651 514 911 549 contumacibus
924 540 934 553 ‚
962 515 1039 550 data
1053 514 1119 552 fuit
1133 516 1303 564 Episcopo
1321 516 1466 553 facultas
1491 531 1579 554 con-

112 557 269 595 firmandi
282 568 400 593 taxam
409 565 518 605 prout
530 560 570 593 de
580 557 660 604 jure
671 587 680 595 .
708 558 894 608 Episcopus
906 563 988 598 duos
1001 562 1121 611 selegit
1134 563 1332 601 canonicos
1346 592 1356 606 ,
1387 566 1444 612 qui
1462 575 1579 602 taxam

111 607 394 654 recognoscerent
409 630 420 644 ,
438 614 627 657 ⁴conumque
649 607 794 646 consilio
811 617 922 646 taxam
947 610 1188 649 confirmavit.
1212 612 1394 649 Solverunt
1410 613 1552 660 quidam
1565 640 1578 655 ,

109 655 170 689 alii
187 654 292 701 longe
305 653 421 701 plures
435 662 470 686 m
493 661 544 693 Jus
558 664 754 691 venerunt.
781 657 886 695 Nunc
911 659 1029 706 itaque
1054 659 1164 696 Causa
1185 660 1407 706 proponitur,
1433 669 1579 707 urgente

106 702 265 738 Parocho
276 701 414 737 Divino
429 726 440 740 ‚
468 700 500 734 ὅ(
524 700 710 738 Pontificio
734 704 807 745 jure
820 717 959 742 cautum
981 707 1044 742 effe
1068 709 1233 744 Decimas
1257 708 1319 744 effe
1343 708 1577 757 praestandas,

104 749 297 796 praesertim
311 759 386 784 cum
401 757 520 782 tenues
534 747 597 784 fint
624 750 798 788 Parochiae
822 755 1000 794 redditus,
1027 754 1086 801 qui
1102 783 1112 796 ,
1137 757 1300 791 oneribus
1313 756 1464 792 deductis
1479 783 1489 797 ,
1516 767 1578 791 re—

102 805 266 832 maneant
280 797 313 832 in
340 796 492 831 scut-20·
507 821 518 835 ,
544 804 582 831 ut
595 809 745 845 congrua
760 800 902 838 Parochi
922 802 1040 849 portio
1054 803 1151 841 salva
1162 813 1234 838 non
1265 803 1325 842 fit;
1352 803 1577 852 supplendam

101 843 210 890 igitur
221 842 289 879 effe
304 843 452 880 decimis
464 868 475 882 ‚
500 854 583 890 quas
610 846 742 892 integre
755 850 898 893 primum
912 850 1065 896 praestare
1079 851 1238 887 solebant
1251 851 1458 887 Parochiani
1473 865 1482 885 ε
1504 862 1577 888 rem

100 891 218 938 itaque
228 902 370 928 omnem
388 891 622 927 deducendam
639 893 705 929 effe
722 897 761 930 ad
776 895 939 937 justitiam
956 908 1041 935 taxae
1054 925 1064 938 ‚
1089 900 1131 933 de
1155 910 1221 945 qua
1239 899 1368 946 ambigi
1396 908 1547 945 nequeat
1561 925 1574 940 ,

100 950 183 974 cum
197 938 236 974 fit
249 938 421 975 mitiffima
439 951 446 972 :
480 939 610 975 Frustra
626 953 645 976 a
662 942 883 979 parochianis
899 946 1012 993 excipi
1034 947 1074 983 de
1096 947 1270 983 contraria
1293 946 1546 983 consuetudine
1562 973 1574 987 .

101 997 182 1022 cum
200 985 236 1022 in
260 986 352 1022 mala
365 984 428 1021 fide
443 984 572 1033 semper
587 989 760 1025 constituti
789 990 916 1027 fuerint
942 992 1066 1029 Eaiffls
1087 993 1351 1042 Episcoporum,
1376 998 1407 1030 δε
1430 994 1574 1031 consti-

100 1033 293 1070 tutionibus
305 1033 538 1081 synodalibus
551 1060 562 1074 ‚
589 1035 678 1072 itaut
693 1038 887 1084 legitimum
905 1053 1086 1089 numquam
1104 1043 1235 1078 sumere
1248 1044 1395 1086 potuerit
1409 1041 1570 1078 initium:

99 1077 206 1116 deeffe
221 1089 336 1117 tamen
350 1093 395 1117 ex
421 1081 510 1117 facto
529 1084 748 1128 probationes
767 1086 845 1121 illas
858 1114 868 1127 ,
894 1089 1020 1135 quibus
1033 1088 1212 1125 monstrari
1224 1090 1321 1135 possit
1335 1090 1570 1130 consuetudo,

97 1137 178 1164 cum
191 1138 243 1164 res
264 1128 311 1165 est
322 1131 363 1164 de
386 1129 583 1175 quantitate
602 1131 757 1168 Decimae
773 1159 782 1172 ‚
810 1144 888 1169 nam
916 1147 1064 1181 quatuor
1086 1138 1179 1177 illae,
1203 1149 1277 1182 qua:
1290 1148 1494 1173 concurrere
1507 1137 1570 1172 de-

98 1174 180 1211 berit
194 1202 204 1215 ‚
228 1175 394 1213 deficiunt
411 1204 419 1214 .
443 1178 528 1213 Haec
540 1178 714 1216 Parochus
727 1195 739 1219 5
765 1191 783 1214 a
796 1180 1023 1220 Parochianis
1044 1184 1137 1222 nihil
1155 1184 1355 1222 habuimus:
1380 1185 1464 1222 Duo
1489 1184 1566 1222 sunt

98 1220 218 1258 Causae
230 1225 357 1268 Capita
370 1255 379 1263 ,

53 1269 86 1305 1.
109 1274 169 1305 An
182 1273 326 1307 Decimae
339 1271 558 1309 debeantur3
583 1275 615 1311 &
629 1284 796 1323 quatenus
813 1276 1017 1316 affirmative
1031 1307 1039 1316 .

53 1313 102 1354 Π.
127 1324 207 1357 An.
225 1321 274 1356 (θ’
289 1321 326 1354 in
347 1330 416 1367 qua
432 1320 567 1365 summa
583 1348 594 1362 ³
616 1329 660 1362 Θ·
674 1338 694 1359 a
710 1324 836 1371 quibus
853 1326 1042 1365 debeantur
1054 1330 1090 1365 in
1113 1330 1190 1374 cafit
1212 1333 1294 1367 &a

126 1437 128 1439 -
143 1410 272 1449 Dilata
297 1412 339 1448 ad
352 1413 496 1459 primam
508 1417 580 1464 post
595 1429 701 1466 aquas
713 1445 724 1460 ,
747 1419 853 1459 etiam
868 1421 968 1459 unica
982 1452 992 1462 .

223 1510 347 1579 Die
368 1512 661 1582 Sabbathi'
678 1540 775 1587 20.
793 1521 1170 1591 Novembris
1194 1545 1217 1590 1
1230 1540 1306 1604 75
1325 1533 1380 1588 ιζ

47 1644 126 1730 C
140 1647 368 1702 IVITATIS
390 1651 631 1690 CASTELLI
658 1655 1080 1698 JURISDICTIONIS:
1106 1661 1182 1699 Post
1197 1664 1315 1709 longas
1337 1671 1450 1698 moras
1470 1659 1557 1699 Pro·

151 1704 298 1734 motoris
323 1699 461 1737 Fiscalis
485 1701 604 1739 Curia:
623 1702 828 1752 Episcopalis
849 1736 856 1749 ‚
880 1711 910 1744 &
926 1710 1118 1757 plurimas,
1144 1721 1226 1757 quas
1252 1710 1406 1746 obtinuit
1431 1722 1466 1745 in
1491 1710 1557 1746 hac

90 1739 206 1795 Causa
219 1770 230 1786 ‚
254 1747 438 1784 dilationes
451 1774 463 1789 ,
484 1750 613 1795 placuit
629 1752 768 1788 tandem
781 1753 1055 1795 Eminentissimis
1071 1759 1224 1795 Patribus
1240 1759 1273 1794 in
1290 1761 1555 1805 congregatione

89 1788 211 1827 hablta
222 1794 276 1830 die
289 1798 343 1830 28.
356 1795 544 1844 superioris
558 1799 673 1842 menfis
689 1802 840 1848 Augusti
863 1805 1049 1842 rescribere
1065 1819 1074 1840 ε
1098 1809 1221 1843 Dilata
1236 1834 1247 1848 ‚
1273 1812 1317 1845 Θ·
1337 1815 1554 1853 proponatur

91 1841 226 1888 ofnm'no
242 1843 277 1877 in
291 1845 408 1888 prima
427 1845 500 1891 post
523 1858 634 1892 aquas
658 1849 763 1884 etiam
777 1852 876 1886 unica
892 1876 904 1887 .
928 1852 1160 1899 obsequimur
1174 1855 1289 1900 itaque
1312 1864 1429 1888 eorum
1445 1853 1554 1901 impe-

88 1892 173 1966 ξιξ-ἕ
185 1886 408 1940 Dubiumque
422 1892 549 1928 iterum
562 1919 573 1934 ,
598 1901 703 1940 atque
716 1894 843 1933 iterum
857 1899 1069 1946 propositum
1084 1925 1095 1940 ‚
1118 1902 1152 1936 &
1164 1912 1350 1948 numquam
1373 1898 1554 1937 definitum

105 1942 126 1966 u
149 1942 286 1976 Jic1mus
302 1961 313 1973 .

45 1978 154 2023 stnfit
162 1981 318 2027 standum
331 2011 342 2026 .
365 1988 428 2024 vel
439 1990 656 2026 recedendum
671 2002 691 2024 a
708 1991 822 2035 decasts
835 1995 872 2031 di
876 2007 892 2029 c
904 2003 962 2042 27.
975 1997 1146 2041 ‘Jannarii
1173 2002 1274 2043 1625.
1289 2022 1301 2037 ‚
1327 2000 1371 2034 (φ
1387 1996 1552 2044 respebli-

232 2041 280 2067 ve
283 2033 517 2076 fiaebstineatur
529 2037 700 2074 decretum
716 2042 871 2089 Episcopi
886 2045 922 2078 in
946 2044 1120 2089 noviffima
1148 2047 1278 2091 synodo
1293 2057 1379 2082 anno
1397 2045 1498 2092 1746,
1515 2048 1552 2081 in

231 2080 348 2118 ordine
363 2091 438 2131 cap.
452 2083 509 2119 26.
522 2085 562 2120 de
568 2085 646 2129 foro
661 2095 843 2135 competen.
860 2092 894 2125 in
910 2092 987 2138 casn
1000 2096 1080 2130 (avc.

141 2169 222 2210 Non
241 2173 430 2223 propofita.

44 2262 126 2347 1³-
145 2264 331 2309 OMANA
346 2270 1137 2319 SUPPLEMENTi1NTORT1T10RUM
1151 2296 1161 2317 e
1185 2284 1278 2321 Data
1290 2283 1359 2320 fuit
1373 2284 1549 2320 haecCau-

140 2311 186 2368 ,sa
198 2316 232 2350 in
252 2319 346 2355 Folio
362 2319 493 2372 ultimae
510 2328 786 2372 congregationis
805 2327 924 2365 habita
937 2334 991 2370 die
1007 2334 1059 2366 18.
1074 2331 1234 2368 transacti
1252 2331 1371 2367 mensis
1400 2339 1549 2379 septem-

89 2357 164 2394 bres
176 2385 186 2399 ³
205 2359 256 2398 sed
267 2389 278 2404 ,
295 2363 462 2418 Capitulo
477 2367 626 2408 Basilica:
639 2371 836 2411 sanctissimi
850 2376 1030 2414 Laurentii
1044 2402 1055 2417 ,
1068 2379 1100 2414 &
1113 2379 1254 2416 Damasi
1267 2380 1469 2416 dilationem
1481 2390 1549 2426 po-

89 2404 234 2463 stulante
246 2433 257 2449 ,
271 2411 512 2463 rescripserunt
524 2418 728 2464 Ampliffimi
741 2422 859 2459 Patres
875 2438 884 2458 ε
911 2428 1035 2462 Dilata
1049 2452 1058 2465 ‚
1081 2431 1125 2464 ὠ
1135 2436 1352 2475 proponatur
1368 2430 1499 2464 omnino
1514 2429 1549 2461 1'71

113 2465 202 2506 rnna
209 2457 283 2504 post
295 2471 404 2507 aquas
417 2467 523 2500 etiam
540 2470 638 2502 unica
653 2473 726 2506 &a
741 2471 847 2506 Nunc
859 2471 966 2519 igitur
977 2472 1137 2510 Dubium
1152 2474 1378 2520 proponitur·
1396 2473 1552 2519 *repffiim

103 2500 235 2539 cellone
247 2507 340 2562 folii
347 2509 475 2546 ultim
488 2518 762 2563 congregationis
771 2545 782 2560 ,
792 2519 834 2553 ab
845 2518 1115 2557 Eminentiffimis
1128 2522 1284 2559 Patribus
1298 2520 1528 2558 definiendum
1539 2543 1550 2555 ·

42 2551 102 2583 ⁹17²
116 2570 128 2586 ⁸
156 2561 177 2584 a
192 2552 341 2611 qulbus?
365 2560 408 2593 Θ*
423 2559 458 2597 in
471 2571 537 2606 qua
560 2567 759 2607 quantitate
768 2567 976 2615 supplendus
991 2569 1038 2612 sit
1053 2581 1212 2607 numerus
1243 2571 1498 2607 Intorticiorum
1514 2571 1550 2603 in

230 2600 444 2658 associatione
470 2608 678 2654 Santi-tffimae
699 2613 920 2656 Eucharistiae
949 2619 992 2652 ad
1013 2617 1163 2658 Infirmos
1182 2627 1254 2654 tam
1276 2616 1439 2661 occasione
1461 2619 1550 2653 Via-

227 2652 290 2685 tici
306 2673 317 2688 ,
339 2662 441 2699 quam
457 2655 493 2690 in
507 2655 592 2691 aliis
606 2658 873 2702 solemnioribus
886 2664 1120 2701 delationibus
1144 2668 1180 2701 in
1193 2666 1269 2711 casu
1283 2670 1360 2704 &a

130 2737 358 2787 Suppiendum
382 2745 447 2784 effe
461 2758 480 2784 a
495 2747 659 2797 Capitale
676 2764 855 2792 numerum
872 2757 1052 2796 duodecim
1079 2759 1331 2798 Intortitiorum
1359 2759 1547 2797 tradendo·

1424 2817 1503 2843 l‘Ulss

1617 1652 1703 1694 seſs.
1713 1662 1768 1700 ²4·
1779 1660 1873 1690 mo,

1592 1700 1633 1736 de
1645 1700 1718 1748 Ref-

1613 2286 1700 2330 Sess.
1725 2292 1781 2320 22.
1804 2284 1863 2317 der-j·

1587 2335 1628 2370 de
1654 2332 1759 2377 obser.
1778 2357 1787 2370 2
1822 2334 1866 2366 Φ

1588 2383 1675 2417 evit.
1690 2383 1725 2416 in
1741 2377 1868 2416 celebr,

1588 2430 1685 2474 Miss-
