1945 3028
1530 144 1551 173 4

95 176 189 200 enno
206 171 301 205 1542.
335 181 343 200 :
374 165 483 200 Patris
505 165 663 212 sequutus
676 170 873 215 exemplum
889 171 1004 219 Ioseph
1032 185 1120 210 anno
1150 177 1246 217 1634.
1272 176 1493 213 Testamemo
1517 146 1576 215 sug

92 212 340 258 Carlpssllzvxia:
371 212 472 256 hujus
495 213 613 249 dotem
627 216 723 250 auxit
740 243 748 255 ‚
772 219 802 250 ὅ(
818 223 922 254 onera
937 246 946 258 ‚
973 222 1166 256 constitutis
1184 223 1263 259 aliis
1289 225 1333 260 sc.
1352 235 1409 260 22.
1425 228 1552 262 annuis
1568 253 1578 267 ‚

90 258 241 304 dat-aque
258 263 332 307 lege
348 259 416 294 alia
432 262 500 296 duo
525 261 624 296 Sacra
651 262 785 309 singulis
811 265 1031 302 hebdomadis
1054 270 1176 314 agendi
1191 298 1198 309 ‚
1234 273 1265 306 &
1284 271 1574 318 cappellanum„

89 309 285 343 nominavit
313 309 361 343 10:
389 307 574 352 Baptistarn
601 308 803 351 Cavalieri,
829 313 916 358 qui,
938 316 1097 357 precibus
1125 316 1255 353 oblatis
1282 320 1336 353 illi
1365 345 1375 358 ,
1401 321 1458 366 qui
1487 330 1572 356 tunc
1600 326 1607 332 '

70 346 73 349 ¹
93 353 247 390 federit»
277 364 418 399 praeerat
431 354 623 400 Episcopo,
641 356 824 402 postulavit
838 386 847 399 ‚
871 370 907 394 ut
921 360 1185 406 Cappellaniarn
1205 366 1239 399 in
1255 364 1504 402 Canonicatum
1535 369 1569 404 in

90 401 238 436 Ecclesia
263 401 468 437 Cathedrali
489 402 663 448 erigeret,
688 404 860 441 reservato
874 407 1062 444 haeredibus
1076 410 1222 446 Simonis
1239 439 1249 452 ‚
1277 415 1307 447 &
1342 412 1477 459 losephi
1507 415 1567 449 Iu-

86 458 326 491 repatronatus
344 476 353 487 ,
381 448 419 483 id
444 449 537 483 enim
553 449 729 496 losephum
746 453 893 488 voluiss'e
911 455 1080 502 probabat
1095 457 1286 494 testimonio
1302 459 1474 495 Canonici
1493 462 1561 496 Sa-

87 496 251 530 maritani
267 521 276 534 ,
301 496 359 544 qui
373 496 662 531 Sacramentalem
679 492 823 540 eiusdefim
840 500 974 550 Iosephi
992 503 1242 541 Confessionem
1257 508 1457 542 audiverat.
1475 509 1557 553 Epi-

86 541 206 587 scopus
218 569 226 581 ,
257 555 324 578 non
354 543 474 578 audito
485 543 649 587 Capitnlo
665 571 674 584 ‚
703 546 968 593 Cappellaniam
986 550 1017 585 in
1032 550 1286 589 Canonieatum
1300 556 1436 594 erexit,
1454 567 1550 590 eum-

89 600 156 634 que
180 590 331 624 contulit
347 591 457 626 eidem
470 590 518 625 10:
536 590 687 636 Baptistae
701 617 711 631 ‚
735 596 791 639 qui
810 595 872 631 hoc
884 596 1053 633 Canonici
1071 599 1175 635 titulo
1193 600 1268 637 usus
1281 601 1326 636 est
1343 603 1454 637 tribus
1470 614 1546 638 tan-

87 646 158 670 tum
183 637 349 673 mensibus
366 663 375 676 ‚
402 638 478 672 inde
490 638 581 671 enim
598 636 733 674 deceffit
748 664 758 675 .
784 642 857 678 Post
871 644 961 679 enim
975 657 1018 679 ex
1032 646 1256 683 Patronorum
1270 649 1545 687 nominationz,

86 681 341 719 Canonicarum
355 685 475 719 habuit
492 684 647 720 Andreas
662 686 789 723 Bonafe
802 716 811 730 ‚
839 691 896 737 qui
919 691 1014 727 illum
1030 694 1073 729 ad
1100 705 1227 730 annum
1255 695 1360 742 usque
1379 703 1479 742 1679.
1494 710 1552 733 re-

85 730 215 765 tinuit:
245 730 294 765 Eo
307 731 465 766 defuncto
484 733 771 770 contendentibus
790 737 981 774 haeredibus
995 741 1142 776 Simonis
1158 769 1168 783 ‚
1195 743 1226 778 ἃ
1246 742 1377 787 loiephi
1397 744 1552 791 illegiti-

83 788 175 813 mam
201 776 296 813 fuisse
315 777 547 817 canonicatus
571 781 774 818 erectionem
800 811 812 825 ‚
847 786 959 821 nullus
983 788 1198 832 praesentatus
1224 790 1290 827 fuit
1316 789 1513 828 Canonicus
1542 819 1552 832 ,

86 825 117 859 &
133 825 237 860 Sacra
263 837 280 859 a
297 824 519 872 Cappellano
532 827 575 862 ad
590 828 660 863 haec
673 828 775 875 usque
790 841 941 879 tempora
958 837 1028 870 aCta
1044 837 1123 873 sunt
1141 861 1150 871 .

36 871 96 909 De
120 872 172 907 his
199 872 357 908 omnibus
383 885 415 907 in
448 872 657 911 Visitatione
678 878 751 912 Sac.
768 876 943 917 Liminum
968 884 1131 920 certiores
1159 884 1243 921 fecit
1264 886 1552 923 Eminentiffimos

81 919 199 954 Patres
214 945 224 959 ‚
246 920 305 967 qui
322 932 413 956 nunc
430 919 586 957 Ecclefiae
607 922 663 958 illi
684 926 801 969 praeest
814 926 998 976 Episcopus
1016 958 1026 971 ,
1051 932 1220 978 petiitque
1240 934 1352 968 Dubii
1372 935 1470 975 hujus
1490 935 1554 968 de-

85 991 109 1006 ,‚
135 965 326 1002 finitionem
341 992 365 1009 ‚2
387 969 446 1003 An
470 970 712 1013 procedendum
739 971 779 1008 fit
793 974 836 1010 ad
849 988 974 1012 novam
987 978 1212 1015 collationem
1228 980 1380 1022 ejusdem
1399 980 1556 1017 Canoni-

84 1026 108 1054 ,ς
134 1024 230 1049 catus
244 1039 254 1053 ,
277 1014 331 1050 seu
353 1014 467 1060 potius
481 1016 718 1064 relinquendus
735 1019 822 1056 sitin
839 1022 921 1059 statu
935 1024 1093 1070 simplicis
1108 1026 1342 1074 Cappellaniae
1360 1047 1380 1053 -
1406 1031 1554 1077 Respon-

82 1086 108 1103 ‚‚
131 1062 204 1105 sum
213 1063 287 1104 fuit
302 1078 321 1086 -
348 1062 411 1097 Uti
440 1062 530 1109 posse
544 1065 619 1107 jure
634 1065 692 1101 suo
707 1067 923 1106 deveniendo
938 1073 976 1106 ad
990 1073 1222 1109 Collationem
1238 1075 1475 1111 Canonicatus
1491 1078 1556 1112 &c-

82 1132 108 1148 „
134 1106 157 1141 fi
182 1108 264 1153 quid
281 1116 397 1144 autern
414 1109 558 1146 Patroni
583 1113 797 1155 objecerint,
823 1117 946 1153 eisdem
967 1131 1154 1166 congruum
1180 1122 1342 1168 temporis
1369 1124 1551 1169 spatium-2

83 1180 109 1195 ,,
134 1153 393 1200 ριπιέὶηίεηάυῐῐι
418 1157 464 1191 est
480 1185 489 1197 ,
507 1167 541 1193 ut
561 1158 640 1195 Iura
657 1160 714 1196 sua
729 1173 843 1198 coram
860 1164 921 1199 hac
936 1167 1033 1202 Sacra
1051 1166 1334 1215 Congregatione
1348 1170 1513 1206 deducant
1528 1198 1552 1212 ,‚

79 1200 226 1237 Praefixo
242 1202 346 1248 igitur
362 1203 516 1240 Patronis
533 1215 685 1253 tempore
699 1235 708 1248 ‚
720 1211 816 1244 venit
829 1212 867 1245 ad
882 1212 943 1247 hoc
960 1214 1099 1249 Sacrum
1120 1213 1292 1250 Tribunal
1311 1217 1550 1264 Congregatio

79 1247 131 1284 Pii
156 1250 293 1293 Operiis
312 1250 404 1285 Ferri
422 1277 432 1290 ,
457 1264 529 1297 quae
543 1254 686 1288 mediata
701 1255 802 1291 haeres
816 1257 861 1292 est
875 1258 1020 1297 Simonis
1039 1287 1048 1302 ,
1076 1262 1107 1296 &
1124 1261 1256 1309 Iosephi
1274 1289 1283 1302 ,
1309 1265 1483 1311 petiique,
1511 1275 1550 1301 ut

77 1295 228 1339 suspensa
245 1296 481 1332 Canonicatus
497 1299 684 1334 collatione
711 1302 812 1348 usque
829 1306 868 1339 ad
894 1308 1026 1344 exjtum
1040 1309 1158 1344 Causae
1175 1334 1187 1347 ‚
1217 1310 1397 1357 Episcopus
1421 1313 1545 1349 Asta...

76 1343 252 1377 ereetionis
268 1342 501 1380 Canonicatus
521 1348 672 1382 mitteret
686 1352 723 1384 ad
739 1352 801 1385 boc
818 1352 953 1389 Sacrum
977 1355 1140 1392 Pribunal
1158 1381 1165 1390 ,
1193 1355 1331 1392 Interim
1360 1370 1448 1394 vero
1484 1361 1548 1395 l’e-

76 1397 148 1424 trus
177 1389 322 1424 Zannoli
338 1402 449 1436 preces
473 1393 604 1429 obtulit
632 1396 857 1434 Sacratiffiino
873 1400 1027 1448 l’rincipi
1043 1429 1052 1442 ‚
1076 1403 1198 1450 quibus
1214 1405 1544 1450 postulavitCano-

73 1436 224 1472 nicatum
241 1437 297 1471 libi
323 1438 390 1473 dari
411 1439 484 1474 lure
510 1442 698 1477 devoluto:
726 1445 864 1491 Signata
888 1447 953 1483 fuit
977 1449 1207 1498 supplicatio,
1235 1451 1287 1487 sed
1316 1464 1545 1499 opportune.)

74 1482 311 1531 Conpregatio
332 1484 464 1522 obstitit
489 1488 522 1522 in
545 1489 708 1526 Dataria.
734 1492 845 1528 Causa
873 1507 964 1532 nunc
982 1497 1252 1535 Eminentiflimis
1273 1501 1428 1536 Patribus
1451 1501 1545 1538 defi-

75 1531 197 1566 nienda
225 1535 450 1576 proaonitur.
480 1534 647 1583 Disputat
676 1538 785 1584 igitur
810 1541 1048 1590 Congregatio
1074 1546 1202 1592 Operis
1227 1547 1279 1587 Pii
1304 1548 1544 1585 Canonicatus

74 1580 277 1615 erectionem
305 1581 430 1617 nullam
445 1581 539 1618 fuiffe
553 1611 561 1622 ‚
586 1597 662 1621 cum
679 1586 762 1623 faeta
777 1587 936 1626 fueritab
958 1591 1120 1639 Episcopo
1136 1621 1146 1634 ,
1173 1604 1241 1630 non
1266 1595 1374 1632 solum
1391 1598 1544 1633 inaudito

69 1626 239 1670 Capitulo
254 1652 264 1665 ,
292 1627 343 1663 sed
366 1639 470 1666 etiam
488 1656 497 1670 ,
521 1632 600 1679 quia
614 1645 720 1680 neque
737 1637 917 1673 accedente
940 1640 1163 1676 patronorum
1191 1642 1350 1679 consensu
1367 1671 1376 1684 ,
1404 1644 1545 1691 Episco-

72 1674 105 1719 pi
121 1674 170 1716 jus
187 1674 335 1710 habeant
367 1676 566 1715 immutandi
583 1681 719 1718 Statum
751 1682 933 1724 Beneficii,
959 1700 1036 1724 cum
1059 1688 1163 1724 solius
1188 1689 1334 1725 Romani
1362 1691 1542 1727 Pontificis

70 1721 214 1768 potestas
241 1720 278 1757 fit
303 1727 532 1763 commutandi
551 1727 805 1768 D2funct0rum
834 1733 1053 1775 voluntatem
1081 1748 1143 1772 nec
1169 1735 1384 1784 sptoandum
1409 1738 1543 1777 fuisse..-

72 1769 183 1804 testirn
202 1781 304 1805 ¹nium
318 1771 490 1810 Canonici
504 1776 704 1813 Samaritani
720 1805 730 1817 ,
744 1791 800 1826 qui
824 1793 901 1816 cum
915 1783 1037 1820 unicus
1062 1783 1166 1824 esset,
1197 1796 1265 1819 non
1288 1796 1422 1831 poterat
1437 1788 1543 1822 etiam

68 1813 106 1850 in
131 1815 343 1853 sestamento
368 1818 419 1854 fa<¹
430 1833 490 1857 ore
507 1823 570 1869 pi-‚e
587 1824 704 1862 Causae
720 1825 829 1863 fidem
847 1828 951 1864 ullam
971 1831 1122 1870 habere,
1145 1844 1222 1867 cum
1247 1834 1312 1868 duo
1335 1833 1459 1869 saltem
1485 1844 1542 1869 te-

70 1862 134 1897 stes
159 1866 198 1898 ad
214 1866 417 1909 probandam
436 1869 521 1905 hanc
538 1871 668 1916 losephi
681 1874 893 1910 voluntatem
909 1879 1162 1921 requirerentur
1178 1906 1186 1913 .
1218 1879 1322 1913 Addit
1336 1882 1466 1915 nullam
1481 1883 1544 1916 ha-

69 1910 211 1945 bendam
226 1910 290 1946 esse
307 1915 470 1950 rationein
484 1916 575 1952 illius
589 1920 770 1958 erectionis
786 1947 794 1958 ‚
820 1923 902 1956 lieet
917 1922 1030 1958 valida
1045 1923 1177 1964 fuisset,
1214 1925 1416 1971 &legitima
1429 1955 1438 1967 ‚
1463 1940 1543 1965 curn

70 1957 297 2002 cappellania
311 1959 424 1996 isthlec
455 1965 525 2007 post
539 1964 669 2009 lapsum
683 1966 899 2012 septuaginta
913 1979 1074 2005 annorum
1092 1997 1100 2009 ,
1126 1971 1251 2015 quibus
1266 1972 1381 2008 habita
1398 1973 1465 2009 fuit
1479 1986 1542 2021 pro

55 2005 245 2046 ⁴manuali,
271 2005 360 2053 quasi
379 2008 589 2052 postliminio
606 2013 645 2046 ad
668 2011 846 2055 pristinum
862 2013 1006 2051 statuum
1035 2016 1169 2052 rediiffe
1195 2018 1389 2058 censeatur,
1416 2022 1447 2056 &
1478 2033 1541 2060 ex-

71 2053 192 2134 ploras?
214 2054 299 2096 juris
325 2052 364 2087 fit
385 2059 426 2089 ad
441 2054 562 2092 statum
582 2057 744 2096 Beneficii
768 2063 968 2098 mutandum
993 2064 1301 2112 quadragenarium
1327 2077 1461 2114 tempus
1488 2070 1539 2106 sa-

74 2106 118 2133 ῐις
136 2113 154 2134 e
183 2113 200 2134 e
233 2124 243 2134 .

30 2145 65 2180 A
86 2143 246 2230 Zannchlio
273 2149 417 2186 nondum
441 2150 600 2189 libellum
626 2154 757 2193 Iurium
786 2157 923 2195 suorum
945 2159 1126 2197 habuimus
1153 2176 1163 2196 ε
1190 2161 1304 2198 Unum
1327 2163 1446 2200 Causae
1474 2176 1538 2201 ca-

79 2202 139 2237 put
163 2207 180 2229 e
233 2218 245 2232 0

31 2241 98 2277 An
121 2243 249 2290 constet
274 2247 319 2282 de
346 2251 593 2288 manualitate
609 2252 858 2301 cappellania
874 2283 885 2300 ,
904 2257 975 2305 fiu
996 2259 1123 2305 potius
1142 2260 1400 2310 substineatur
1427 2263 1536 2302 illius

80 2293 202 2332 ενεᾶιο
223 2301 266 2334 in
278 2299 536 2339 Canonicatum
548 2307 590 2341 in
605 2308 689 2353 casu
703 2305 775 2347 ίῦό.

221 2398 338 2464 Die
375 2402 662 2472 Sabbathi
695 2430 793 2491 23.
833 2409 1098 2499 Augusti
1140 2433 1326 2499 1749.

24 2566 117 2652 D
135 2567 217 2606 UAE
232 2597 241 2610 ,
266 2583 341 2625 quae
355 2573 533 2621 sequuntur
546 2607 556 2622 ,
582 2582 699 2619 Causae
714 2585 749 2619 in
763 2586 887 2622 ultima
902 2586 1114 2634 Ampliffimi
1128 2589 1271 2626 Ordinis
1286 2593 1531 2638 congregatio-

145 2631 183 2652 ne
197 2620 312 2654 habita
336 2625 389 2657 die
405 2636 434 2656 z.
452 2627 550 2672 hujus
566 2631 681 2674 mensis
698 2633 844 2678 proponi
857 2646 926 2670 non
950 2643 1154 2682 potuerunt:
1180 2637 1357 2684 Rogantur
1380 2637 1531 2683 itaque...

69 2662 330 2748 Eminentidflimi
357 2669 474 2706 Patres
489 2699 499 2713 ,
521 2684 557 2710 ut
590 2679 740 2723 repetita
764 2681 905 2717 lectione
932 2684 1023 2720 folii
1042 2684 1193 2731 ejusdem
1223 2687 1502 2735 congregationis
1518 2710 1531 2727 ·

65 2720 120 2747 eas
144 2723 235 2759 expe
261 2726 331 2753 iant
355 2741 366 2753 ·

205 2814 419 2853 ramazan.
952 2825 988 2862 G
1358 2825 1483 2863 cwi-
