1956 3006
292 171 460 216 Qamvis
473 178 582 202 autem
600 169 734 213 utrique
749 166 904 202 Abbatiae
925 165 1005 200 satis
1017 163 1208 200 consultum
1226 163 1305 199 effet
1320 163 1372 199 his
1388 164 1600 203 seminariis.
1613 163 1797 200 sueverunt

337 227 449 250 tamen
471 215 620 249 Abbates
636 213 926 248 Commendatarii
940 213 1107 246 Alumnos
1123 214 1204 246 duos
1222 212 1256 245 iu
1271 211 1631 246 SeminarioRomano
1647 214 1796 247 retinere

339 260 507 298 farfensis
519 274 622 296 unum
640 289 649 301 ,
674 262 818 296 alterum
841 271 922 294 vero
936 260 1071 293 alterius
1086 260 1244 294 Abiu-,uite
1262 259 1511 295 s.Salvatoris‚
1538 261 1568 293 ὄι
1584 270 1694 293 annua
1713 260 1795 296 scut.

340 324 351 346 1
364 322 417 349 50-
434 308 649 343 solvebantur
661 309 773 344 eidem
787 307 974 341 Seminatio
991 305 1148 340 Romano
1162 311 1206 340 ob
1229 306 1289 340 hos
1312 306 1396 341 duos
1414 307 1604 341 Alumnos.
1633 305 1796 342 Verum„

343 368 430 390 anno
458 365 554 400 1742.
581 356 625 390 ab
637 355 837 398 amplissimo
851 354 880 389 S.
897 353 941 389 R.
960 354 995 388 E.
1010 352 1190 387 Cardiuali
1215 352 1388 388 Paliioneo
1405 353 1712 388 commendatario
1737 353 1796 389 Lis

346 405 414 436 aeta
437 402 502 437 fuit
516 402 670 437 adversus
688 401 908 436 Seminarium
926 401 1142 438 Romanum,
1167 400 1198 434 ἃ
1213 401 1361 445 primum
1381 401 1472 436 Sacri
1499 401 1596 441 hujus
1613 399 1796 435 Tribuna-

347 451 388 485 iis
406 449 560 487 Decreto
575 477 583 489 ,
608 450 682 484 inde
699 449 795 484 Brevi
816 447 1012 492 Apostolico
1025 444 1204 480 definitum
1218 446 1283 482 fuit
1299 473 1308 486 ‚
1325 457 1362 482 ut
1374 474 1399 488 „
1424 448 1616 494 supradicta
1631 448 1796 489 scut.1so.

349 523 370 537 ,‚
395 509 466 542 quae
492 498 554 531 bue
569 499 669 540 usque
680 495 865 530 Seminario
879 495 1035 528 Romano
1051 493 1214 537 persoluta
1228 493 1323 529 fuere
1335 522 1344 534 ,
1369 495 1490 542 absque
1505 495 1576 529 ulla
1593 495 1795 540 tergiversa-

352 571 372 585 ,,
400 545 494 578 tione
515 543 701 577 Seminario
727 542 887 577 Abbatiae
902 538 1064 575 Farfenfis
1086 541 1117 574 in
1141 541 1277 586 Oppido
1294 541 1414 576 Toffiae
1434 567 1441 581 ,
1469 551 1506 576 ut
1522 542 1798 586 praefertur,ere-

351 618 374 632 ,‚
400 593 450 625 ίὶο
466 617 474 630 ,
506 590 574 624 five
592 590 777 623 Seminario
790 588 946 633 praeficio
960 600 1017 632 pro
1032 596 1184 631 tempore
1209 590 1244 622 in
1269 589 1337 623 alio
1354 600 1569 636 quocumque
1594 591 1672 624 loco
1699 600 1798 624 com—

350 666 372 678 „
399 636 542 672 modiori
558 637 785 671 transferendo
800 635 1017 681 applicentur
1034 662 1042 673 ‚
1070 634 1189 679 illique
1204 635 1395 670 tribuantur
1409 662 1419 675 ‚
1444 647 1483 670 ac
1511 638 1546 671 in
1559 638 1772 672 commodum
1790 661 1801 674 ,

352 712 375 725 „
403 685 607 722 utilitatem,
635 686 922 729 &augumentum
947 682 1223 716 Alumnorumin
1235 694 1278 718 eo
1297 683 1534 722 existentium,
1564 684 1596 719 δι
1622 682 1800 729 augendo-

350 758 374 772 „
399 743 473 766 rum
493 741 659 776 erogent,
684 733 715 765 &
740 728 874 775 erogari
899 729 1026 768 faciant
1046 754 1067 767 „
1094 729 1167 762 1³0st
1191 730 1261 764 haee
1291 729 1574 766 Eminentissimus
1600 729 1802 766 cardinalis

350 778 537 813 Paflioneus
565 786 738 823 utramque
755 777 939 812 Abbatiam
960 776 1143 821 resignavit
1158 802 1167 815 ,
1193 789 1266 823 quae
1286 776 1485 821 ampliffimo
1498 778 1528 811 S.
1545 778 1593 814 R.
1611 779 1646 813 E.
1670 777 1800 812 Cardi-

349 827 416 860 na'ii
440 825 543 859 Lame
560 826 805 859 commendata:
818 824 956 858 fuerunt
972 848 980 856 .
1007 824 1199 858 Advertens
1210 835 1317 858 novus
1329 823 1654 861 Commendatarius
1682 825 1715 858 in
1730 827 1804 859 afim

351 871 550 906 visitationis
565 879 632 905 tres
645 872 835 906 Sacerdotes
849 870 911 906 effe
935 872 967 904 in
979 870 1102 905 aedibus
1117 870 1229 905 Sancti
1248 871 1437 907 Salvatoris
1455 870 1590 911 majoris
1604 871 1803 917 Ludimagi-

348 919 454 953 <strum
483 929 599 962 nempe
617 944 626 957 ‚
653 919 829 955 Vicarium
844 918 945 953 totius
970 918 1127 952 Abbatiae
1141 944 1150 956 ,
1176 920 1206 953 &
1220 918 1394 954 Sacristam
1409 944 1418 958 ,
1442 919 1471 953 δι
1492 918 1513 952 fi
1539 918 1573 952 in
1594 919 1709 954 iisdem
1724 919 1806 953 aedi-

349 966 413 999 bus
438 964 658 1000 Seminarium
680 966 931 1005 restitueretur,
957 963 1043 1009 poffe
1058 964 1238 1000 vicarium
1267 966 1360 1000 obire
1385 977 1506 1000 munus
1541 965 1719 1004 Rectoris,
1744 966 1807 998 Sa—

349 1013 482 1047 cristam
495 1023 577 1047 vero
603 1014 752 1048 alterum
769 1013 915 1048 Praefeffi
935 1038 944 1052 ,
966 1013 997 1046 &
1026 1012 1084 1046 hos
1110 1021 1175 1046 tres
1196 1013 1388 1048 Sacerdotes
1416 1025 1458 1048 ex
1475 1011 1662 1048 redditibus
1686 1012 1809 1047 mensae

356 1059 547 1094 Abbatialis
563 1058 737 1106 stipiendia
760 1060 860 1102 solvi,
891 1061 1070 1095 advertens
1085 1059 1244 1103 plurimos
1268 1059 1355 1101 esse,
1383 1061 1441 1107 qui
1462 1059 1707 1096 Grammaticae
1736 1058 1804 1094 stu-

353 1107 475 1141 debant
490 1132 500 1144 ,
526 1106 557 1140 &
571 1108 626 1141 die
642 1110 810 1150 noctuque
831 1108 865 1141 in
886 1106 1001 1140 iisdem
1019 1106 1145 1141 :edibus
1158 1109 1399 1147 morabantur,
1422 1117 1510 1142 ratur
1543 1107 1657 1143 omnia
1683 1106 1728 1142 ad
1751 1106 1812 1140 Se-

356 1153 537 1186 minarium
549 1154 713 1199 aptiffima
733 1152 818 1193 esse,
845 1152 1029 1200 postulavit
1043 1165 1060 1186 a
1074 1153 1173 1189 Sacra
1187 1153 1462 1200 Congregatione
1480 1153 1702 1188 Vifitationis
1734 1154 1809 1188 Sac-

359 1199 534 1236 Liminum
549 1227 559 1239 ‚
585 1209 622 1235 ut
635 1202 677 1236 ad
698 1213 754 1237 eas
769 1203 852 1236 aedes
875 1199 923 1235 eis
946 1199 1121 1235 transferri
1147 1200 1266 1236 liceret
1280 1202 1501 1236 Seminarium
1526 1200 1696 1246 Tophiae‚
1720 1199 1810 1245 quod

352 1248 449 1284 omni
485 1247 664 1292 disciplina
702 1248 902 1284 destitutum
928 1273 937 1286 ,
973 1248 1148 1287 juventuti
1187 1249 1296 1284 literis
1322 1275 1332 1288 ,
1362 1247 1525 1294 bonisque
1552 1249 1702 1283 meribus
1731 1249 1801 1282 iin-

348 1293 489 1330 buendae
515 1305 631 1340 parum
646 1295 806 1332 idoneum
820 1323 829 1336 ‚
855 1296 887 1330 &
903 1294 1063 1331 Alumnis
1079 1296 1234 1330 Abbatioe
1247 1294 1484 1330 &Salvatoris
1501 1294 1631 1339 puriori
1646 1295 1737 1330 coelo
1749 1305 1810 1329 na-

354 1344 396 1377 tis
408 1344 449 1376 ob
464 1342 552 1377 aeris
566 1343 768 1388 gravitatem
784 1342 1035 1379 incommodum
1047 1343 1225 1377 invenerat
1237 1366 1246 1381 ‚
1271 1343 1424 1389 quodque
1438 1351 1476 1378 ut
1486 1343 1703 1377 clauderetur
1719 1368 1729 1381 ,
1742 1341 1810 1381 jam

353 1391 585 1432 decreverat,
608 1390 719 1425 donec
739 1392 884 1426 Refrore
898 1389 1049 1436 spectatae
1069 1391 1227 1429 virtutis,
1253 1392 1388 1436 optimis
1403 1388 1675 1434 Prxceptoribus
1688 1416 1698 1430 ,
1727 1388 1816 1423 {ele-

353 1437 478 1482 &isque
492 1437 651 1473 Alumnis
665 1438 903 1484 provideretur
918 1462 926 1471 .
951 1437 1065 1471 Petito
1091 1438 1161 1472 hate
1173 1440 1213 1472 ad
1232 1437 1297 1473 hoc
1310 1438 1449 1472 Sacrum
1471 1435 1642 1471 Tribunal
1672 1446 1804 1482 perve-

352 1484 406 1520 nit
424 1483 583 1529 responso
603 1483 891 1531 congregationis
907 1486 978 1519 Sac.
995 1484 1231 1525 Vifitationis,
1255 1485 1289 1519 8<
1303 1496 1345 1520 ex
1359 1496 1397 1518 ea
1416 1491 1595 1519 commotae
1622 1483 1696 1518 sunt
1717 1482 1806 1517 Uni-

354 1531 529 1568 versitates
544 1542 661 1569 omnes
687 1532 851 1569 farfensis
872 1531 1034 1569 Abbatiae
1048 1557 1058 1570 ,
1081 1532 1186 1568 tribus
1204 1531 1353 1576 exceptis
1378 1533 1481 1567 ‘Pedii
1511 1532 1653 1567 Mirteti
1669 1555 1679 1569 ‚
1705 1528 1812 1575 ‘Podij

357 1587 392 1614 S.
407 1579 585 1625 Laurentij
599 1604 609 1617 ‚
633 1584 677 1617 (9-
695 1584 904 1622 Vocunicmi,
927 1591 1002 1625 quae
1018 1579 1130 1624 primo
1145 1580 1356 1626 Oppidarum
1373 1577 1518 1625 Tophiae
1532 1577 1677 1613 consiliis
1692 1576 1809 1612 adhae-

356 1627 473 1661 serunt
485 1651 496 1665 ,
522 1626 598 1662 inde
612 1627 684 1662 Emi
701 1628 851 1664 Abbaris
865 1626 1037 1664 voluntati
1051 1625 1118 1661 sese
1141 1628 1277 1673 penitus
1292 1627 1509 1662 tradiderunt
1527 1648 1538 1659 .

311 1674 537 1720 Hiscognitis
560 1674 603 1709 ab
615 1676 734 1711 eodem
750 1676 832 1712 Ειῖιο
853 1675 994 1711 Abbate
1012 1700 1022 1714 ‚
1048 1676 1173 1721 praevia
1198 1674 1438 1721 protestatione
1466 1673 1501 1707 in
1530 1673 1609 1708 actis
1634 1670 1748 1707 emiss'a
1774 1672 1817 1706 ab

356 1724 428 1765 ejus
445 1721 639 1757 promotore
655 1723 780 1759 Fiscali
800 1722 947 1759 deseruit
961 1722 1183 1771 provinciam
1197 1721 1411 1758 transferendi
1424 1721 1650 1757 Seminarium
1670 1719 1821 1764 Tophiae

358 1770 400 1805 ad
415 1769 659 1805 Monasterium
686 1771 716 1804 S.
734 1771 945 1811 Salvatoris,
972 1772 1004 1806 &
1027 1770 1254 1806 commutandi
1267 1770 1485 1805 voluntatem
1509 1767 1635 1804 Martii
1650 1765 1793 1801 Ruffetti
1810 1793 1821 1807 ‚

358 1825 451 1852 ratus
481 1816 729 1853 Universttates
755 1818 913 1854 Abbatiae
937 1816 1101 1852 Farfenfis
1125 1817 1191 1852 sese
1214 1815 1488 1853 contradictrices
1509 1823 1577 1851 non
1600 1813 1807 1862 pr.cstituras

358 1862 575 1903 Seminario³
598 1867 684 1909 quod
697 1866 850 1911 erigere,
876 1867 933 1902 vel
950 1865 1052 1906 stiam
1066 1865 1213 1901 erectum
1240 1864 1369 1904 fuerat,
1391 1862 1565 1900 restituere
1587 1861 1818 1898 meditabatur

360 1911 397 1945 in
425 1910 630 1944 Monasterio
644 1911 674 1947 S.
690 1911 907 1951 Salvatoris,
934 1912 968 1946 in
994 1922 1060 1956 quo
1083 1911 1236 1947 scientiis
1259 1909 1465 1956 acquirendis
1489 1912 1723 1947 incumberent
1750 1917 1825 1942 tum

363 1958 387 1992 ii
404 1957 547 1992 Alumni
565 1981 574 1994 ‚
599 1956 656 2001 qui
669 1968 780 1991 annua
795 1958 1006 2002 praestatione
1038 1956 1122 1990 scut.
1146 1968 1218 2003 144.
1235 1958 1393 1994 hactenus
1419 1955 1561 1993 fuerunt
1586 1956 1622 1990 in
1634 1955 1825 1990 Seminario

363 2004 510 2050 Tophiae
526 2030 534 2042 ‚
561 2013 632 2038 tum
646 2003 671 2039 ii
685 2030 695 2044 ,
713 2004 771 2047 qui
795 2015 838 2038 ex
854 2012 996 2049 utraque
1017 2003 1172 2038 Abbatia
1194 2005 1290 2053 prius
1311 2004 1544 2040 retinebantur
1572 2005 1605 2038 in
1632 2001 1826 2037 seminario

366 2051 521 2086 Romano
537 2076 546 2089 ,
570 2059 643 2085 tum
655 2052 792 2086 demum
811 2051 861 2089 ii,
881 2051 995 2096 quiex
1015 2050 1165 2085 dimidia
1188 2061 1284 2097 parte
1309 2051 1503 2087 reddituum
1526 2049 1826 2086 haereditariorum

369 2099 490 2133 Martii
510 2096 658 2133 Ruffetti
684 2098 885 2136 alebantur3
909 2099 1002 2133 Cum
1021 2106 1131 2133 autem
1145 2125 1154 2138 ,
1181 2100 1212 2134 δι
1235 2099 1287 2134 his
1303 2097 1523 2134 Eminentiss.
1539 2098 1689 2134 Abbatis
1719 2095 1832 2132 confi-

370 2146 426 2180 liis
445 2145 508 2179 sese
523 2143 739 2190 opposuerint
752 2145 878 2181 eaedem
893 2143 1138 2181 Univerfitates
1152 2172 1161 2185 ,
1186 2148 1261 2182 ideo
1279 2156 1367 2181 nunc
1383 2170 1393 2183 ,
1417 2146 1486 2182 haec
1499 2172 1509 2186 ,
1534 2157 1604 2192 quae
1616 2144 1806 2189 sequuntur
1821 2170 1832 2183 ,

370 2191 476 2227 dubia
490 2192 704 2237 disputantur
718 2221 728 2236 ‚
753 2205 899 2241 quorum
913 2193 1073 2230 ultimum
1087 2193 1165 2228 addi
1184 2203 1346 2230 curarunt
1365 2192 1612 2232 universitates
1628 2191 1784 2230 Abbatiae
1798 2192 1834 2227 S.

373 2239 559 2274 Salvatoris
576 2238 716 2280 majoris
729 2265 740 2279 ,
765 2253 836 2287 quae
847 2242 1045 2278 Eminentis.
1061 2242 1191 2276 Abbati
1208 2243 1379 2277 adhaerent
1397 2269 1404 2277 .

326 2291 357 2330 l.
389 2287 507 2333 Ansit
521 2290 616 2324 locus
645 2292 870 2340 restitutioni
883 2290 1082 2330 Seminarii
1105 2293 1147 2326 in
1180 2291 1336 2330 AElibus
1352 2289 1566 2339 Monasterii
1583 2290 1756 2327 Abbatiae
1783 2289 1826 2325 S.

537 2338 743 2426 qulvatoris
767 2342 916 2389 majoris
940 2352 1007 2391 pro
1024 2341 1200 2383 Alumm‘s
1225 2343 1328 2382 aiffa.»
1342 2341 1511 2383 Abbatiae
1530 2344 1547 2380 Ξ
1577 2341 1626 2383 Et
1649 2350 1826 2393 quatenus

539 2404 558 2427 a
600 2396 750 2432 rmative
780 2422 789 2432 0

334 2444 380 2486 11.
409 2443 473 2479 An
499 2453 618 2480 annua
644 2446 833 2494 praestatio
848 2448 948 2493 fiat,
970 2459 1053 2495 ¹44-
1078 2459 1124 2486 ex
1160 2451 1279 2497 mensa
1305 2446 1507 2485 Abbatiali
1547 2448 1589 2486 S.
1621 2446 1830 2484 Salvatoris

534 2495 658 2542 soluta
682 2498 882 2535 seminario
902 2500 1017 2547 Toffiae
1037 2510 1104 2548 pro
1122 2500 1296 2538 Azan-nis
1307 2501 1347 2538 S.
1362 2499 1576 2539 salvatoris
1592 2495 1837 2537 continuanda

533 2543 585 2588 fit
609 2548 814 2587 Seminario
840 2551 981 2598 Toffiae,
1002 2554 1072 2601 seu
1093 2555 1222 2602 potius
1248 2553 1420 2593 debeatur
1447 2552 1538 2589 difi'o
1570 2549 1772 2590 Seminario
1789 2547 1832 2583 S.

540 2596 748 2637 salvatoris
763 2606 804 2638 in
820 2605 904 2650 &asu
928 2607 1005 2646 ὡς,

345 2647 409 2687 HL
437 2648 500 2683 An
519 2675 528 2691 ‚
558 2648 597 2688 ὅ
618 2658 682 2695 pro
698 2664 764 2697 qua
787 2665 893 2700 quota
912 2655 965 2699 fit
993 2659 1085 2695 locus
1114 2657 1271 2694 arbitrio
1299 2655 1569 2704 Eminentiffimi
1584 2653 1748 2693 Abbatis
1777 2657 1841 2697 ap·-

540 2699 708 2746 pltcandi
727 2704 854 2740 dieram
869 2705 1071 2746 seminario
1084 2711 1122 2749 S.
1137 2710 1343 2747 salvatoris
1365 2706 1631 2757 praestationem
1646 2706 1839 2744 annuorum

542 2751 600 2801 sc.
622 2760 739 2797 150st
759 2754 958 2795 seminario
978 2760 1136 2800 Romano
1164 2761 1482 2809 dismembratam?
1731 2808 1774 2845 A

1631 2811 1701 2850 tv·
1773 2817 1795 2842 n
