1956 3017
376 130 420 160 6÷

371 194 395 208 υ,
422 176 514 200 mero
529 164 560 197 di
575 162 729 209 figliuole
743 160 875 207 vergini
891 158 1057 196 Meffineli
1075 158 1109 194 di
1123 158 1206 193 anni
1223 158 1344 194 dodeci
1359 185 1368 199 ‚
1391 171 1415 194 o
1428 161 1487 203 piu
1500 188 1509 200 ,
1531 174 1555 197 o
1571 173 1669 198 meno
1684 190 1693 203 ,
1719 164 1843 200 secon-

375 241 395 254 ‚‚
421 216 460 247 do
483 211 683 245 stimeranno
700 209 925 255 gl'esecutori
948 210 980 243 di
1005 209 1101 243 detta
1121 205 1344 251 dispoiiz:0ne
1364 233 1374 245 ,
1401 207 1600 252 affegnaudo
1627 222 1682 253 per
1705 223 1840 258 ognuna

372 288 395 300 ‚‚
420 259 512 294 scudi
529 269 613 292 nove
629 263 706 303 ogn'
718 267 806 290 anno
819 275 832 280 -
843 275 860 280 -
876 257 984 292 Alter
1001 268 1084 291 vero
1098 256 1249 299 reliquit
1265 278 1276 291 ‚
1304 264 1343 287 ist
1358 266 1399 288 ex
1426 254 1586 290 fructibus
1601 267 1761 293 annorum
1781 260 1841 292 de-

370 330 392 347 „
420 317 494 341 cem
509 305 654 339 habeant
665 331 674 343 ,
702 305 731 338 &
745 305 886 338 debeant
900 302 1070 347 applicari
1085 313 1146 346 pro
1164 300 1367 336 fundatione
1380 301 1576 336 Monasterii
1593 302 1727 337 fundati
1740 306 1775 340 in
1786 304 1842 340 di—

371 380 393 393 „
418 355 470 387 Cla
484 352 579 387 Urbe
594 350 750 386 Meffanae
765 361 825 395 pro
839 349 1034 384 mulieribus
1049 349 1214 394 reparatis
1228 375 1237 387 ,
1263 349 1295 382 ἂ
1314 348 1494 394 refugiatis
1512 375 1520 387 ‚
1547 350 1602 383 seu
1619 352 1840 393 reparandis,

370 427 393 440 2,
419 402 449 436 &
462 399 670 443 refugiandis
693 424 704 437 ,
727 408 907 441 earumque
923 397 1181 431 manutentione
1193 421 1202 434 ,
1228 397 1314 441 quod
1329 395 1578 431 Monasterium
1594 396 1751 433 Testator
1767 399 1839 443 ipse

370 475 394 489 ‚,
420 450 487 483 διε.
500 446 635 484 voluit,
661 448 691 480 δι
709 444 909 479 mandavit.
933 444 1023 488 quod
1051 442 1211 481 fundari,
1236 448 1269 476 ὅ(
1299 444 1382 487 erigi
1406 444 1524 477 debeat
1547 470 1556 483 ,
1583 445 1843 490 quamprimum

370 521 392 536 „
420 495 521 540 poslit
535 520 542 526 .
562 519 585 532 .‚
612 492 768 538 Utraque
783 490 957 525 haereditas
972 491 1060 532 iacet
1078 515 1086 528 ‚
1111 501 1190 524 nam
1207 489 1320 534 prima
1338 490 1502 525 haeredem
1520 501 1588 525 non
1605 492 1722 525 habuit
1736 517 1745 530 ,
1764 503 1844 527 cum

369 553 496 577 novum
525 539 613 575 illud
639 537 887 573 Monasterium
916 540 955 572 de
980 538 1188 572 Gentilment
1216 547 1402 581 numquam
1432 537 1614 581 perfectum
1645 537 1751 573 fuerit
1774 563 1784 577 ‚
1810 539 1844 572 δι

368 588 673 624 Conservatormm
686 584 901 620 substitutum
916 583 1062 626 amplius
1079 595 1147 618 non
1162 591 1254 618 extet
1269 595 1279 620 3
1305 583 1456 618 Secunda
1473 596 1552 619 vero
1569 584 1673 620 Marii
1699 584 1844 621 Cariddi

368 634 537 682 imparest
552 636 590 669 ad
605 644 728 668 novum
756 629 1001 666 Monasterium
1024 631 1233 665 fundandum
1248 655 1257 668 ‚
1284 631 1316 664 ὅ(
1340 631 1564 676 erigendum.
1592 631 1747 678 Utraque
1769 632 1845 679 igi·

368 693 421 717 tut
435 681 645 717 haereditasa
667 680 786 726 Regio
800 679 1000 713 Oeconomo
1024 676 1281 711 administratur
1300 690 1308 708 ε
1336 678 1568 714 Serenissimus
1594 679 1769 727 utriusque
1787 679 1844 714 Si-

368 729 458 764 ciliae
472 730 548 763 Rex
560 726 691 762 censuit
704 728 762 761 has
782 725 930 767 jacentes
948 724 1161 759 haereditates
1179 722 1286 757 alicui
1302 723 1513 759 Monasterio
1526 726 1724 762 addicendas
1745 725 1810 761 esse
1830 752 1840 766 2

367 786 467 822 atque
483 773 704 821 applicandas
718 799 728 813 ‚
753 782 791 807 ut
809 770 1031 807 Testatorum
1044 771 1245 807 voluntates
1262 780 1299 804 ea
1315 793 1325 807 ,
1350 781 1415 816 qua
1432 771 1540 816 poffet
1557 798 1568 812 ‚
1592 773 1725 809 meliori
1738 775 1843 810 ratio—

368 835 410 856 ne
423 823 644 869 implerentur
661 848 668 856 .

323 865 416 904 Inter
428 869 542 904 omnia
567 867 725 904 Messanae
744 866 950 903 Monasteria
968 867 1041 902 duo
1059 865 1182 900 selecta
1203 863 1340 900 suerunt
1356 876 1373 900 a
1390 865 1502 912 Regio
1517 866 1679 903 Ministro
1700 870 1846 903 alterum

367 917 399 951 S.
419 917 540 951 Mariae
555 916 771 961 Angelorum
784 942 794 954 ,
821 915 968 949 alterum
990 916 1047 950 SS.
1061 912 1309 958 Conceptionis
1326 936 1336 946 .
1364 912 1497 947 Placuit
1515 913 1729 950 Sereniflimo
1756 915 1844 963 Regi

367 963 613 999 monasterium
628 963 661 997 S.
676 962 796 997 Mariae
815 962 1023 1007 Angelorum
1049 960 1176 1006 eligere
1190 986 1200 1000 ,
1226 959 1356 1005 duplici
1382 970 1483 993 onere
1502 960 1633 1002 adjecto
1650 962 1846 1008 recipiendi

367 1012 501 1046 Puellas
515 1010 612 1052 juxta
625 1008 842 1043 Testatorum
857 1009 1056 1043 voluntates
1074 1033 1083 1046 ,
1109 1008 1140 1041 &
1156 1006 1399 1052 Apostolicum
1416 1007 1670 1053 beneplacitum
1681 1009 1846 1044 obtinen-

367 1059 423 1092 di.
449 1057 586 1092 Oblatis
602 1056 706 1101 igitur
721 1055 875 1100 precibus
891 1053 1122 1090 Sacratiffimo
1137 1052 1292 1098 Principi
1311 1052 1423 1087 nostro
1439 1078 1449 1091 ‚
1472 1055 1548 1088 data
1564 1053 1630 1089 fuit
1644 1055 1848 1101 postulatio-

369 1103 422 1138 nis
438 1104 535 1145 hujus
559 1103 717 1149 cognitio
742 1103 843 1137 Sacro
860 1101 938 1136 huic
963 1100 1148 1136 Tribunali
1163 1125 1172 1138 ,
1200 1099 1231 1134 &
1249 1099 1330 1145 quia
1345 1098 1489 1135 diverfis
1514 1100 1646 1136 libellis
1662 1103 1843 1148 petebatur

367 1151 539 1190 additum
565 1149 803 1196 &applicatio
832 1148 1041 1184 haereditatis
1064 1145 1198 1183 Placidi
1224 1145 1405 1196 Maiffani.
1431 1148 1461 1182 &
1477 1147 1623 1183 addictio
1650 1149 1848 1184 reddituum

370 1198 662 1233 hereditariorum
677 1196 780 1233 Marii
796 1195 934 1231 Cariddi
954 1220 964 1234 ,
986 1197 1017 1230 &
1035 1194 1133 1231 simul
1150 1220 1160 1233 ,
1189 1201 1228 1228 ut
1242 1192 1360 1228 liceret
1375 1205 1518 1240 erogare
1530 1195 1645 1229 uncias
1657 1196 1850 1232 biscentum

371 1246 408 1280 in
423 1245 673 1288 reparationem
687 1242 888 1280 Monasterii
907 1270 917 1283 ‚
944 1244 973 1278 &
993 1242 1255 1288 implementum
1268 1238 1423 1276 AEdificii
1440 1241 1617 1287 affignandi
1638 1243 1764 1278 Puellis
1778 1243 1850 1278 Ca-

372 1291 493 1328 riddiis
511 1319 520 1332 ‚
544 1304 616 1338 quae
630 1291 676 1326 ali
689 1291 814 1326 debent
830 1302 872 1325 ex
889 1290 1069 1324 redditibus
1086 1287 1314 1325 hereditariis
1329 1311 1340 1325 ‚
1370 1287 1573 1330 statutajarn
1589 1301 1607 1321 a
1634 1289 1754 1333 Regiis
1774 1291 1848 1325 Mi·
1893 1327 1897 1331 ,

372 1339 483 1376 nistris
498 1338 690 1386 quantitate
705 1349 892 1373 annuarum
909 1336 1033 1383 viginti
1051 1336 1240 1373 Unciarum
1256 1345 1318 1380 pro
1329 1334 1486 1380 qualibet
1511 1335 1626 1371 Puella
1643 1363 1653 1376 ,
1676 1337 1754 1371 ideo
1780 1350 1850 1371 ne-

367 1385 454 1425 cess'e
467 1386 533 1421 fuit
561 1386 611 1421 bis
638 1385 752 1421 audire
768 1383 1071 1431 Archiepiscopum
1084 1409 1094 1423 ,
1119 1383 1176 1430 qui
1193 1381 1313 1417 retulit
1330 1382 1447 1419 omnia
1462 1394 1545 1417 vera
1560 1381 1624 1418 effe
1637 1410 1647 1423 ‚
1672 1384 1845 1428 pauperri-

368 1445 461 1471 mum
478 1432 540 1468 ess'e
557 1432 798 1468 Monasteriurn
814 1460 822 1472 ,
847 1432 1068 1475 reparationis
1082 1429 1315 1465 necessitatem
1329 1455 1338 1468 ,
1363 1429 1396 1463 &
1411 1429 1637 1466 addietionem
1663 1430 1850 1466 haeredita-

371 1491 444 1517 tum
460 1479 534 1515 fieri
551 1479 642 1527 posse
656 1509 664 1516 .
693 1480 743 1514 At
761 1479 1006 1514 Monasterium
1021 1479 1075 1512 SS.
1093 1476 1338 1521 Conceptionis
1356 1475 1422 1511 sese
1439 1476 1593 1522 praestitit
1618 1477 1852 1512 contradzeto-

370 1540 443 1564 rem
457 1539 534 1562 cum
548 1526 704 1564 Messanae
719 1554 729 1567 ‚
755 1536 827 1561 tum
843 1526 965 1564 Romae
980 1527 1012 1561 in
1030 1527 1091 1561 hoc
1104 1526 1208 1559 Sacro
1228 1522 1414 1560 Tribunali
1428 1534 1496 1558 non
1510 1524 1549 1558 de
1563 1525 1758 1561 haereditate
1776 1525 1853 1560 Pla.

369 1575 441 1611 cidi
463 1573 608 1610 Maisani
628 1600 638 1614 ,
664 1574 717 1610 sed
741 1574 781 1608 de
804 1575 911 1608 altera
928 1571 1035 1609 Marii
1050 1571 1221 1609 Cariddi;
1249 1571 1400 1606 Auditus
1416 1570 1523 1617 igitur
1546 1570 1613 1608 fuit
1642 1571 1745 1607 tertio
1778 1574 1852 1606 Ar-

370 1621 604 1668 chiepiscopus
622 1649 632 1663 ,
657 1622 715 1668 qui
730 1621 883 1658 constans
897 1624 931 1655 in
946 1620 1001 1657 sua
1015 1619 1182 1656 sententia
1197 1617 1382 1654 secundum
1401 1618 1644 1655 Monasterium
1669 1618 1703 1654 S.
1725 1617 1852 1655 Mariae

374 1670 586 1715 Angelorum
611 1669 780 1714 respondit
799 1692 811 1704 .

326 1719 432 1755 Nunc
447 1719 559 1762 itaque
573 1716 683 1751 Causa
699 1717 790 1750 inter
815 1718 886 1751 duo
900 1717 970 1752 haec
987 1715 1197 1751 Monasteria
1211 1740 1222 1755 ,
1244 1726 1321 1760 quae
1333 1714 1373 1748 de
1387 1713 1581 1748 haereditate
1598 1713 1739 1750 Cariddi
1767 1725 1856 1749 con-

373 1766 514 1801 tendunt
532 1789 542 1802 ‚
565 1763 769 1809 proponitur
792 1761 1007 1802 definienda3
1032 1763 1140 1808 Urget
1158 1760 1405 1796 Monasterium
1420 1760 1452 1794 S.
1467 1761 1586 1796 Maria:
1607 1760 1856 1808 Angelorum,

370 1811 572 1847 Sereniffimi
586 1809 694 1857 Regis
710 1810 876 1853 judicium
894 1836 903 1849 ,
929 1820 1116 1844 extremam
1133 1836 1142 1849 ‚
1173 1820 1239 1854 qua
1266 1807 1436 1854 premitur
1451 1834 1460 1846 ,
1482 1809 1639 1856 inopiam
1654 1835 1663 1849 ‚
1690 1809 1722 1843 &
1751 1810 1853 1843 alia-.-

373 1859 507 1898 omnia,
532 1856 653 1903 quaein
669 1856 815 1902 epistulis
841 1856 906 1891 suis
932 1857 1033 1892 habet
1056 1854 1372 1900 Archiepiscopus;
1401 1853 1537 1890 Contra
1573 1853 1856 1890 Monasterium.»

374 1907 432 1942 SS.
444 1903 692 1950 Conceptionis
709 1902 947 1951 praelationem
963 1903 1021 1938 fibi
1036 1903 1189 1938 debitam
1205 1900 1339 1941 asserit,
1365 1902 1458 1948 quod
1474 1903 1599 1938 melius
1613 1929 1624 1943 ‚
1650 1902 1854 1949 pleniusque

371 1952 564 1989 Testatoris
583 1949 792 1986 voluntatem
805 1953 923 1996 exequi
940 1952 1034 1996 poffit
1050 1976 1059 1989 ‚
1089 1961 1166 1984 cum
1182 1947 1312 1984 fabrica
1329 1949 1415 1984 nihil
1430 1959 1514 1994 opus
1543 1950 1583 1985 fit
1610 1976 1619 1989 ,
1642 1952 1674 1984 δι
1699 1948 1856 1984 redditus

374 2003 494 2036 uberes
520 1999 668 2036 habeam
694 1998 802 2033 minui
830 1997 960 2032 Puellis
975 1997 1179 2042 pauperibus
1196 1996 1226 2029 id
1242 2022 1251 2034 ,
1263 1995 1357 2040 quod
1373 1995 1539 2030 tribuitur
1554 1995 1762 2031 Monasterio
1779 1997 1859 2030 San-

374 2050 433 2083 &ae
453 2046 570 2080 Maria:
584 2046 800 2091 Angelorum
816 2071 825 2084 ,
847 2053 884 2079 ut
899 2044 1043 2088 reparari
1072 2042 1190 2088 poffit:
1218 2041 1329 2086 plures
1353 2042 1459 2076 etiam
1487 2041 1659 2080 retineri,
1683 2053 1786 2088 atque
1809 2042 1857 2077 ali

373 2093 466 2143 posse
477 2091 613 2129 Puellas
633 2093 668 2127 in
687 2091 895 2127 Monasterio
907 2092 961 2125 SS.
977 2089 1228 2137 Conceptionis
1243 2113 1253 2126 ,
1265 2089 1345 2133 quia
1360 2099 1414 2122 eas
1432 2089 1520 2123 alere
1537 2098 1692 2133 paratum
1710 2089 1750 2124 fit
1763 2114 1773 2127 ,
1788 2101 1856 2124 non

375 2141 497 2176 annuis
523 2139 632 2176 unciis
646 2139 772 2186 viginti
794 2139 830 2174 in
847 2137 974 2185 fingula
987 2137 1113 2184 Capita
1131 2163 1140 2177 ‚
1166 2134 1223 2170 sed
1237 2135 1355 2171 annuis
1370 2135 1478 2170 unciis
1491 2136 1687 2182 quindecim
1701 2160 1712 2171 .
1741 2137 1825 2172 Haec
1839 2148 1858 2171 a

375 2186 593 2225 monasteriis
607 2195 862 2233 proponuntur.
890 2187 1035 2227 Videant
1051 2182 1438 2221 EminentiffimiPatres
1454 2209 1466 2226 ,
1486 2194 1557 2232 qua
1571 2183 1655 2226 iuris
1687 2183 1853 2220 ratione-a

376 2235 619 2281 expediendum
640 2232 680 2268 sit
694 2234 848 2269 Dubium
861 2258 870 2268 .

329 2284 391 2321 {An
407 2285 452 2327 sit
470 2282 698 2328 consulendum
713 2281 912 2326 Sasu-‘liffimo
921 2289 985 2327 pro
1000 2280 1255 2327 adjudicatione
1269 2280 1487 2316 haereditatis
1503 2291 1566 2326 qu.
1578 2280 1689 2315 Marii
1708 2278 1856 2318 Cariddi’,

381 2336 424 2370 Cf*
449 2329 681 2378 cujusfavore
704 2329 739 2365 in
761 2328 835 2375 casu
862 2332 938 2369 &st

471 2417 805 2470 Affirmative
842 2417 1027 2469 favore
1050 2415 1370 2468 Monasterii
1387 2415 1438 2467 S.
1463 2414 1649 2467 Mariae
1669 2411 1758 2463 An
1765 2429 1857 2480 ge-

407 2484 589 2537 lorum
607 2525 621 2549 ,
641 2492 694 2540 ὃ(
732 2488 967 2554 amplius
991 2527 1003 2539 .

257 2645 267 2657 .
297 2644 306 2656 .
452 2614 644 2651 EPESINA
669 2615 1066 2653 ORDINATIONIS=
1092 2615 1141 2653 Ut
1174 2619 1214 2654 ad
1243 2618 1362 2653 Sacros
1387 2615 1536 2651 Ordines
1566 2609 1741 2647 ascendere
1755 2606 1863 2655 poss'et

459 2661 575 2712 Petrus
589 2662 695 2698 Guidi
710 2690 721 2704 ‚
746 2666 804 2709 qui
819 2665 1030 2699 Patrimonio
1043 2668 1203 2705 carebat,
1233 2664 1374 2700 Sodales
1390 2664 1506 2698 sanai
1521 2661 1670 2704 {Joannis
1687 2657 1862 2694 Decollatn'

390 2709 531 2753 Nepetis
545 2735 555 2748 ,
578 2719 720 2753 quorum
733 2710 885 2746 Ecclesiae
897 2720 969 2746 erat
984 2711 1124 2747 aedituus
1144 2739 1153 2752 ,
1182 2711 1444 2762 cappe-naniam
1461 2706 1515 2741 illi
1533 2705 1725 2741 tribuerunt
1740 2730 1750 2744 ‚
1778 2701 1863 2737 sacta

387 2756 497 2793 eidem
509 2755 676 2802 potestate
699 2756 796 2796 illam
812 2757 989 2806 aflignandi
1009 2757 1045 2795 in
1059 2758 1200 2796 Sacrum
1212 2757 1464 2795 Patrimonium
1477 2778 1486 2789 .
1504 2752 1862 2834 Capitulugacpggque
