1977 3028
243 131 356 171 monii
371 160 382 175 ,
414 138 630 176 Ῥωηίῑεηΐὶαε
644 165 653 181 ,
680 139 897 182 Eucharistiae
911 167 921 183 ‚
947 151 1052 179 etiam
1065 143 1215 192 tempoie
1234 145 1422 190 paschali,
1447 152 1492 188 &v
1506 110 1582 187 ΕΞ-ς·

246 190 368 218 trema:
388 185 564 223 vnHt'om's
576 212 586 222 .

56 229 106 267 H·
129 233 188 264 -An
204 229 341 276 Populo
354 231 451 267 Delii
462 234 756 280 indulgendumsit
779 238 899 272 audire
920 238 1050 284 Missam
1067 239 1101 274 in
1114 240 1206 274 ditia
1220 241 1364 284 Ecclesia
1379 248 1414 279 S.
1428 248 1577 281 Bar-narr

246 278 287 312 di·
300 278 352 313 die
368 278 549 321 'Paschatis
567 307 578 323 ‚
601 286 645 318 (θ’
664 289 697 317 S.
713 286 895 319 Laurentii
911 283 927 318 ,ἶ

57 322 124 362 111.
152 330 211 361 ,Λη
224 326 341 362 liceat
353 327 387 360 in
401 328 434 368 d.
447 327 590 371 Ecclesia
602 335 637 363 S.
649 330 1194 379 Bernardiperagerefitnbliones
1202 335 1380 378 funerales
1393 350 1404 371 ε
1423 342 1467 376 &⁶
1481 341 1574 377 alias

247 384 313 407 non
329 374 560 411 Parachiales
574 377 608 412 in
623 378 699 420 casu
713 380 793 414 &c-

150 466 279 502 Dilata
295 464 339 500 ad
355 466 498 512 primam
513 468 721 516 septembris
737 499 746 508 .

108 559 322 597 ABINEN.
345 560 674 602 DOTATIONIS
698 581 707 601 ε
734 567 855 610 Ereti,
885 569 937 605 seu
967 579 1005 605 ut
1031 583 1119 606 nunc
1149 572 1259 620 vulgo
1297 574 1426 612 dicitur
1452 581 1568 614 Monte
1628 596 1877 639 gestu-san·

49 563 103 646 S
129 610 278 655 Rotondo
305 608 342 645 in
361 608 495 646 Sabinis
522 614 743 650 vetustissima
767 626 842 651 crat
859 617 1007 654 Ecclesia
1022 618 1234 656 Parochialis
1254 623 1460 660 dedicatas.
1482 625 1567 662 Ma·
1603 644 1645 677 φ
1664 644 1752 686 SfsJ·
1776 655 1834 690 25·
1849 659 1879 680 c,

89 656 149 693 riae
173 655 415 702 Magdalenae.
440 659 544 696 Hanc
557 660 650 696 dirui
674 663 760 704 jussit
779 664 812 698 in
832 664 1038 702 Visstatione
1052 679 1141 703 anno
1161 676 1261 711 1629.
1276 670 1470 708 Cardinalis
1484 674 1566 709 Ma—
1601 699 1636 730 9„
1649 693 1688 726 de
1717 693 1781 736 ref„

88 702 220 739 drutius
237 704 427 751 Episcopus
440 732 450 746 ,
478 707 511 742 δι
524 719 651 747 novam
666 723 683 744 a
702 711 772 747 solo
789 712 961 752 construi,
985 716 1189 760 paratusque
1205 727 1279 752 erat
1298 717 1451 764 Populus
1476 722 1564 757 hanc

87 749 276 797 impensam
301 751 434 792 subire,
463 753 520 790 scd
547 757 639 792 cessit
657 760 747 794 votis
771 761 892 797 Caroli
908 760 1098 798 Barberinii
1126 765 1222 800 Ereti
1248 765 1358 801 Ducis
1390 793 1401 806 ,
1428 768 1562 806 Urbani

84 798 187 833 viil.
205 797 383 835 Pontificis
399 801 551 839 Maximi
570 804 700 841 Fratris
717 833 727 846 ,
752 808 813 854 qui
834 809 865 843 &
881 809 1065 845 Ecclesiam
1081 809 1137 845 sua
1153 813 1296 858 pecunia
1319 824 1476 855 extruere
1492 843 1503 857 ‚
1527 819 1560 853 ὅ(

83 845 125 880 in
136 855 177 879 ea
191 845 432 893 Collegiatam
445 848 588 887 fundare
608 853 758 898 promisit
777 880 788 893 ,
812 856 994 892 dummodo
1013 867 1084 892 tum
1112 859 1268 895 Ecclefiae
1291 884 1300 898 ‚
1332 871 1405 897 tum
1430 865 1560 899 Archi-

82 893 346 940 presbyteratus
358 920 368 934 .
396 896 430 930 8<
448 895 728 936 canonicatuum
757 902 963 940 Patronatus
982 904 1039 939 sibi
1054 930 1065 944 ,
1083 905 1217 955 suisque
1241 907 1487 946 successoribus
1503 924 1560 947 re-

85 940 284 977 servaretur
295 969 304 977 .
330 942 503 979 carolum
514 972 526 985 ‚
550 947 629 982 dum
648 949 741 994 operi
755 950 953 992 incumbit,
969 964 1061 988 mors
1075 955 1290 1000 occupavit,
1324 966 1359 990 ut
1373 959 1466 1003 quod
1481 972 1559 1006 pro-

83 986 237 1028 miserat,
251 989 396 1035 implere
412 1002 480 1026 non
493 995 669 1039 potuerit.
685 997 792 1042 Qod
806 998 908 1037 Pater
919 1011 988 1037 non
1002 1001 1129 1046 potuit,
1140 1002 1288 1048 perfecit
1302 1002 1497 1041 Thaddaeus
1512 1006 1558 1042 fi-

81 1034 150 1069 lius
162 1061 173 1075 ‚
199 1047 277 1070 nam
289 1039 458 1083 potestate
475 1041 592 1077 Patrui
605 1043 784 1080 Pontificis
797 1045 961 1092 suppressa
974 1046 1141 1084 Parochia
1156 1074 1167 1088 ,
1193 1050 1225 1084 &
1239 1060 1390 1098 quatuor
1403 1054 1556 1100 antiquis

78 1080 266 1118 Beneficiis
279 1108 289 1123 ‚
314 1086 552 1134 afliguatisque
564 1090 745 1128 Parochiae
759 1093 960 1129 redditibus
983 1095 1018 1129 in
1034 1100 1149 1132 dotem
1164 1097 1553 1145 Archipresbyteratus‚

75 1129 112 1164 &
127 1129 310 1166 redditibus
324 1131 575 1172 Beneficiorum
589 1138 623 1173 in
646 1140 758 1176 dotem
771 1151 918 1186 quatuor
930 1141 1205 1179 Canomeatuum
1217 1169 1227 1184 ,
1253 1144 1420 1182 aedificata
1434 1148 1554 1184 Eccle-

75 1174 122 1211 sia
134 1202 144 1216 ‚
170 1179 251 1223 duos
265 1179 401 1215 addidit
416 1180 660 1222 canonicatus
673 1213 683 1226 ,
711 1187 879 1234 affignato
899 1189 1004 1225 fundo
1018 1190 1102 1227 scut.
1119 1201 1224 1232 2000,
1235 1192 1325 1228 Satis
1340 1195 1392 1229 his
1407 1197 1554 1232 consul-

75 1231 154 1259 tum
167 1223 233 1259 fuit
245 1236 403 1272 congruae
417 1229 727 1281 Archipresbyteri
742 1262 753 1277 ‚
778 1237 810 1270 δι
825 1236 1085 1274 Canonicorum
1100 1265 1109 1278 ,
1146 1250 1182 1274 at
1195 1240 1291 1276 nulla
1304 1242 1456 1279 Ecclefiae
1474 1245 1553 1283 Dos

75 1270 262 1307 constituta
277 1285 439 1320 umquam
455 1277 520 1313 fuit
535 1303 546 1314 .
573 1282 670 1317 Dum
696 1292 917 1329 patronatum
943 1286 1135 1322 habuerunt
1156 1286 1366 1324 Barbariniae
1388 1291 1552 1337 Familia:

74 1319 279 1366 Principes,
305 1321 395 1357 nihil
413 1324 567 1362 Ecclesiae
584 1328 722 1371 defuit,
748 1343 828 1367 cum
850 1331 910 1377 ipfi
925 1333 1039 1369 omnia
1055 1359 1065 1373 ,
1089 1345 1163 1380 quae
1176 1335 1219 1371 ad
1245 1339 1376 1372 cultum
1400 1339 1551 1377 necessa-

72 1366 124 1400 ria
141 1376 241 1402 erant
254 1394 264 1408 ‚
278 1367 472 1407 liberaliter
481 1375 678 1419 praestarent
690 1404 699 1414 .
725 1379 777 1414 At
792 1380 969 1427 postquam
984 1391 1194 1426 patronatus
1210 1394 1288 1418 cum
1306 1384 1426 1422 Feudo
1439 1387 1552 1422 trans-

71 1412 166 1448 latus
180 1415 248 1450 fuit
264 1415 300 1451 in
329 1417 468 1455 Ducem
483 1421 604 1459 Grillo
617 1451 628 1465 ‚
652 1427 719 1462 sese
733 1439 786 1462 res
814 1427 916 1463 aliter
942 1428 1139 1464 habuerunt
1154 1455 1164 1468 ‚
1191 1431 1278 1466 itaut
1291 1433 1338 1467 ob
1358 1443 1551 1474 extremam

71 1471 189 1497 rerum
203 1463 359 1499 omnium
376 1492 385 1506 ‚
410 1479 478 1513 qua
496 1468 646 1508 Ecclesia
663 1475 842 1510 laborabat
857 1501 867 1515 ‚
893 1475 1050 1521 inopiam
1064 1503 1074 1516 ,
1087 1477 1196 1512 coacti
1214 1477 1343 1514 fuerint
1372 1482 1551 1518 Canonici

72 1518 190 1553 preces
207 1510 312 1553 Sacro
326 1511 518 1552 Tribunali
533 1517 679 1561 offerre,
704 1523 828 1567 quibus
854 1520 1071 1570 postularunt
1096 1551 1107 1566 ,
1130 1534 1168 1559 ut
1185 1526 1457 1576 compelleretur
1480 1530 1551 1569 Pa·-

72 1564 193 1591 tronus
205 1558 246 1591 ad
260 1559 374 1594 dotem
389 1561 546 1600 Ecclefiae
562 1566 802 1605 instituendam
821 1597 832 1611 ‚

25 1601 183 1649 Rogatus
196 1604 265 1639 fuit
283 1605 572 1648 Eminentiffimus
586 1613 769 1663 Episcopus
782 1644 792 1657 ‚
822 1625 861 1652 ut
874 1617 915 1653 de
930 1620 994 1654 hac
1006 1618 1233 1662 postulatione
1248 1621 1449 1661 sententiam
1468 1626 1547 1661 ani-

71 1650 179 1686 misni
193 1652 383 1698 explicaret
397 1681 408 1693 ‚
432 1660 619 1705 retulitque
633 1664 876 1710 ambigendum
894 1677 963 1701 non
977 1666 1042 1701 effe
1054 1667 1285 1706 Fundatorem
1298 1697 1308 1710 ‚
1321 1673 1458 1720 ejusque
1472 1673 1547 1710 hae-

72 1698 174 1733 redes
190 1725 201 1739 ,
224 1699 257 1737 &
274 1700 474 1740 succeffores
501 1709 581 1753 cogi
596 1709 684 1753 posse
708 1713 750 1747 ad
773 1713 884 1747 dotem
898 1713 1054 1750 Ecclefiae
1078 1715 1352 1754 constituendam
1377 1747 1387 1760 ,
1415 1732 1493 1757 cum
1507 1722 1545 1757 in

72 1748 150 1786 actu
167 1745 375 1785 fundationis
386 1752 445 1785 dos
470 1755 618 1799 praestita
631 1769 697 1792 non
724 1757 790 1793 fuit
806 1785 816 1798 ‚
841 1769 879 1794 ut
897 1759 943 1794 est
963 1761 999 1795 in
1027 1769 1104 1798 Can.
1130 1775 1223 1800 nemo
1245 1767 1284 1802 de
1313 1770 1460 1813 consecr.
1483 1772 1544 1805 di-

63 1792 179 1834 stin&
198 1804 227 1830 1.
244 1799 288 1832 Θ
303 1798 338 1833 in
357 1807 430 1845 cap·
443 1809 516 1836 cnm
525 1802 613 1844 ficut
631 1808 669 1841 de
686 1809 842 1851 Consecr.
855 1809 981 1851 Ecclesl
996 1812 1040 1845 ά
1055 1819 1127 1856 cap.
1152 1823 1179 1845 1.
1197 1815 1237 1847 de
1251 1815 1367 1857 cenfib.
1384 1816 1464 1851 Dos
1478 1828 1544 1851 au-

68 1849 138 1875 tem
154 1840 188 1875 in
201 1853 241 1877 ea
254 1846 449 1889 quantitate
470 1849 632 1885 ‚constrtui
648 1852 751 1888 debet
769 1881 779 1894 ‚
809 1865 883 1900 quae
897 1854 977 1889 satis
992 1854 1031 1888 sit
1044 1867 1111 1901 pro
1123 1858 1305 1900 omnibus,
1333 1873 1407 1907 quae
1420 1861 1542 1899 Eccle-

66 1886 122 1923 fiae
136 1889 322 1927 necessaria
336 1892 412 1927 sunt
426 1918 438 1932 ‚
461 1904 500 1930 ut
514 1897 658 1934 tradunt
672 1901 887 1937 Lambertin.
909 1903 948 1937 de
963 1905 1235 1950 ⁶Jurepatronat.
1251 1907 1312 1943 lib.
1335 1923 1364 1945 1.
1380 1911 1494 1956 quaest·
1508 1922 1542 1952 50

60 1947 144 1984 par.
167 1949 196 1972 1.
209 1942 315 1975 artic.
330 1949 364 1975 2.
376 1952 462 1977 num.
482 1953 512 1980 2.
528 1969 539 1984 ,
564 1950 826 1995 Murg.disquifi
856 1954 977 1985 Canon·
993 1953 1147 1986 Trac‘lat.
1166 1962 1199 1997 ς.
1219 1955 1301 2002 disq.
1335 1967 1432 1998 1543.
1451 1971 1486 1994 n.
1507 1967 1540 1998 3.

63 1986 248 2025 Amoffu-z.
260 1988 299 2023 de
317 1990 408 2033 Causl
428 1992 509 2025 Piis
521 2001 605 2028 tom.
623 2006 656 2029 2.
671 1994 734 2031 lib.
753 2008 783 2036 5.
798 2003 870 2042 cap.
886 2002 923 2032 6.
936 2009 1027 2032 num.
1048 1999 1100 2032 18·
1112 2000 1250 2044 Barbos}
1277 2004 1317 2041 de
1334 2006 1390 2050 off.
1416 2009 1540 2053 &po-

66 2031 139 2072 test.
155 2034 370 2082 Epist-‚partu
388 2045 420 2079 3,
432 2038 536 2085 alleg.
550 2042 612 2079 64,
623 2055 712 2078 num.
731 2052 763 2076 z.
781 2043 924 2090 aliisque
937 2043 1090 2079 dedus-‘tis
1103 2051 1239 2094 Fargna
1254 2052 1293 2088 de
1303 2055 1537 2099 {Jurepatrom

60 2090 140 2125 par.
161 2091 190 2115 1.
215 2093 290 2123 can,-
307 2093 337 2122 ς.
353 2085 420 2123 cafi
435 2094 470 2130 7.
498 2100 591 2124 num.
609 2100 636 2125 ι.
653 2093 696 2126 ἔν
720 2102 754 2136 4.
774 2097 909 2139 &petr-
930 2103 944 2132 s
973 2105 1045 2128 can.
1073 2099 1183 2139 4‚cas.‘
1205 2109 1237 2132 1·
1252 2109 1341 2135 num·
1367 2110 1411 2135 ¹¹·
1443 2100 1537 2137 '‘fissc

64 2123 274 2170 spectandum
293 2141 359 2166 non
373 2130 440 2167 esse
455 2159 465 2173 ,
491 2138 579 2180 quod
594 2145 715 2173 contra
729 2138 860 2174 dicitur
876 2165 885 2178 ,
910 2140 1100 2176 Sacrarium
1124 2142 1281 2181 Ecclesiae
1296 2147 1450 2183 redditus
1471 2148 1537 2184 ha-

63 2173 143 2207 bere
160 2199 170 2216 ,
194 2177 254 2222 qui
268 2178 399 2215 exitum
414 2179 572 2225 superant
588 2211 597 2225 ‚
622 2192 723 2229 atque
734 2184 897 2233 expensas
916 2186 1069 2224 Ecclesiae
1086 2190 1121 2225 in
1141 2191 1231 2228 scut.
1254 2204 1312 2233 42.
1326 2205 1384 2238 29.
1402 2207 1414 2233 ;
1440 2194 1537 2232 Turn

64 2220 144 2266 quia
161 2221 366 2262 hi‘redditus
383 2226 541 2265 Ecclefiae
564 2242 633 2267 non
659 2232 736 2267 sunt
751 2259 762 2272 ‚
793 2245 881 2280 quos
896 2235 1001 2271 titulo
1012 2236 1107 2273 dotis
1125 2240 1301 2287 percipiat
1316 2269 1327 2283 ‚
1354 2243 1406 2278 sed
1431 2243 1536 2279 titulo

64 2266 255 2313 legatorum
272 2273 479 2310 feudorum
497 2289 574 2313 cum
597 2281 759 2316 oneribus
777 2282 960 2318 Sacrorum
976 2310 986 2325 ,
1012 2285 1155 2332 ideoque
1178 2299 1244 2334 pro
1268 2290 1350 2325 dote
1375 2289 1441 2325 effe
1464 2301 1534 2332 non

63 2314 213 2360 poffint‚
237 2323 314 2357 c'um
335 2324 553 2368 requiratur,
585 2336 624 2363 ut
646 2328 801 2365 redditus
828 2328 982 2367 Ecclesiae
1008 2332 1258 2372 constituantur
1274 2336 1310 2372 in
1339 2338 1435 2374 bonis
1463 2339 1534 2373 im-

61 2362 250 2400 mobilibus
262 2392 274 2406 ,
296 2368 450 2416 expresso
469 2371 576 2409 titulo
594 2375 700 2410 Dotis
718 2402 729 2416 ,
754 2386 792 2412 ut
808 2377 935 2413 docent
950 2381 1155 2418 Lambertin.
1169 2383 1231 2418 ltb.
1247 2397 1281 2421 2.
1293 2397 1367 2432 cap.
1381 2397 1414 2426 4-
1432 2400 1463 2422 n·
1477 2395 1531 2427 ¹4·

60 2413 106 2445 (ξφ
123 2411 220 2462 seqq.
249 2419 436 2454 Panimoll.
457 2422 559 2465 decis.
583 2434 613 2464 9.
632 2433 746 2460 annot.
774 2434 805 2459 2.
824 2436 913 2461 num.
931 2436 961 2477 5.
980 2436 1062 2464 tom.
1077 2440 1134 2469 1.;
1160 2428 1257 2465 Tum
1285 2435 1364 2479 quia
1389 2433 1531 2469 collatis

61 2459 196 2500 partitis
221 2464 381 2510 accepti,
410 2467 442 2501 &
469 2467 628 2514 impenfi,
653 2470 872 2519 deductisque
899 2473 1082 2516 omnibus,
1110 2490 1186 2524 quae
1212 2479 1404 2517 deducenda
1430 2479 1531 2519 sunt,

60 2513 275 2550 compertum
290 2511 336 2547 est
347 2514 480 2549 exitum
493 2514 650 2562 superare
667 2519 700 2552 in
724 2522 845 2555 annuis
870 2518 956 2557 scut.
982 2529 1061 2560 106.
1086 2525 1141 2569 85.
1169 2526 1312 2573 Ideoque
1334 2552 1346 2566 2
1369 2529 1531 2565 omnibus

59 2552 270 2599 perspeffls‘‚
299 2560 480 2602 concludit
502 2564 767 2609 postulationem
784 2566 973 2614 Capituli,
998 2572 1030 2606 ἃ
1055 2570 1314 2610 canonicorum
1332 2577 1393 2623 ipsi
1410 2577 1530 2612 videri

61 2599 105 2633 ivd
115 2601 282 2652 dibiamen
302 2606 439 2650 justitia:
456 2636 466 2649 ,
493 2615 673 2656 <equitatis
690 2641 700 2654 ‚
727 2617 877 2663 adeoque
890 2617 951 2652 illi
963 2620 1196 2656 adbit-rendum
1210 2623 1268 2665 este
1285 2646 1297 2658 .
1321 2624 1404 2659 Haec
1435 2621 1528 2658 Emi—

58 2647 268 2698 nentiffimus
287 2654 494 2701 Episcopus.
521 2659 642 2696 Eadem
656 2661 757 2700 habet
782 2663 985 2711 Capitulum
1001 2666 1038 2702 in
1058 2667 1120 2705 suo
1145 2668 1289 2706 libello·
1315 2674 1351 2710 A
1374 2672 1527 2709 Patrono

58 2693 150 2736 mh1l
163 2694 339 2738 habuimus
353 2714 364 2726 ·
391 2703 552 2742 Dubium
567 2706 612 2744 est
625 2732 637 2744 .

1415 2772 1476 2801 An
