1978 3017
310 1143 312 1150 .
303 851 314 1122 ,ᾼ,»..-,-.,.ν--....ν-

382 96 399 131 3
522 133 752 170 celebratione
775 129 875 176 Miffic
890 130 1171 176 quotidianaesibi
1190 128 1261 174 ipsis
1282 125 1436 169 esty'bls‘ta
1458 124 1556 167 nilque
1570 123 1611 156 iil)
1625 134 1709 158 »milo
1732 128 1832 160 1681.

514 190 582 228 per
603 178 777 227 Hospitale
796 203 805 215 ,
831 185 1015 213 teneantur
1030 179 1073 211 ad
1100 175 1363 212 celebrationem
1390 167 1561 213 Mifflzrnm
1587 170 1745 206 lyaffteans
1770 185 1832 207 non

525 227 777 264 celebratarum
801 250 812 264 .
838 227 932 260 itaut
956 237 1020 260 non
1040 223 1251 273 sustineatur
1287 217 1439 256 reducftio
1459 223 1524 263 per
1550 216 1636 264 ipsos
1657 218 1751 260 suffla
1774 222 1831 258 isi)

524 277 601 320 casu
626 278 701 311 &a

436 369 495 404 Ad
508 369 658 417 primurn
672 366 834 414 negative
849 368 887 402 ad
901 366 1044 412 primam
1057 374 1187 411 partem
1202 390 1211 403 ,
1236 357 1443 397 affirmative
1454 356 1562 403 quoad
1575 356 1757 403 secundam
1773 384 1781 398 ‚
1805 360 1838 395 8<

388 416 431 451 ad
449 426 597 451 mentem
608 441 619 456 ‚
644 416 674 450 &
692 415 793 450 Mens
806 413 870 453 est,
895 413 985 460 quod
998 412 1220 459 praeferantur
1233 411 1397 445 Oratores
1412 403 1634 454 Domi—nicam
1651 407 1685 439 in
1708 404 1785 439 casu
1797 406 1841 440 de

386 475 456 508 quo
470 463 598 511 agitur.
622 462 678 497 Ad
692 461 870 497 secundum
884 472 925 495 ne
951 461 1061 495 ative.
1089 461 1145 495 Ad
1160 457 1302 493 tertium
1314 452 1484 501 provisum
1513 461 1545 485 in
1559 452 1669 496 primo
1682 480 1691 493 ‚
1717 454 1747 487 δι
1766 453 1843 486 Eie-

390 512 572 546 emosinam
587 508 806 555 praestandam
821 506 886 544 esse
901 520 918 543 a
965 505 1108 543 formam
1123 504 1294 542 manualis
1309 527 1318 539 ,
1339 502 1392 538 Ad
1416 508 1571 548 quartam
1597 498 1798 535 affirmative
1812 500 1842 533 ὅι

392 558 539 605 amplius
556 556 591 592 in
603 556 762 592 omnibus
775 578 786 591 .

412 649 1152 688 ENOGALLIEN.CANON1CATUS=
1180 648 1394 686 Praebendam
1403 642 1645 680 canonicalem
1659 655 1700 678 ex
1712 641 1849 678 univer⁴

425 700 464 735 sis
483 703 577 734 bonis
591 699 657 734 suis
671 699 889 734 haereditariis
907 699 940 733 in
957 697 1103 735 Ecclesia
1115 695 1316 732 Cathedrali
1330 692 1536 738 Senogailiae
1548 691 1633 737 erigi
1651 688 1849 732 juffitChri‘

391 745 574 793 stophorus
593 746 698 781 Luchi
713 746 910 781 testamento
927 772 936 785 ,
949 757 1019 791 quo
1028 745 1163 780 deceflit
1180 769 1190 783 ‚
1218 754 1306 776 anno
1328 742 1423 776 1667·
1439 765 1448 777 ,
1462 740 1494 773 8<
1508 737 1764 783 Juspatronatus
1782 745 1853 770 tum

393 794 541 830 activum
556 821 565 834 ‚
577 802 648 828 tum
660 793 820 839 paflivum
835 792 935 837 hujus
950 792 1181 827 Canonicatus
1194 789 1333 834 reliquit
1347 784 1458 820 Genti
1482 788 1623 831 Soprani
1637 785 1688 819 his
1704 783 1820 819 verbis
1833 807 1855 821 ‚‚

392 866 417 883 „
444 842 474 876 la
487 841 550 877 che
560 840 712 881 nomina,
728 852 746 874 e
760 838 1011 885 presentazione
1026 839 1060 873 di
1072 837 1140 873 ess'o
1150 836 1365 872 Canonicato
1383 831 1482 878 ipetti
1497 832 1527 865 ai
1541 830 1796 873 Sig.Coralio‚e
1816 841 1856 864 ne

394 913 419 930 2,
445 890 541 925 abbia
560 888 608 938 iui
625 888 674 930 ius
690 914 699 928 ‚
715 899 733 921 e
749 888 783 922 ia
797 885 921 922 sacolta
933 913 943 927 ,
957 886 1125 922 ancorche
1139 881 1262 920 volesse
1276 880 1450 917 nominare
1464 878 1495 913 se
1518 875 1612 912 stesso
1625 903 1635 916 ,
1662 889 1727 912 con
1749 876 1859 922 questa

397 962 419 977 .,
444 936 644 973 condizione
660 935 765 981 pero,
789 935 853 969 che
878 936 964 981 dopo
977 933 1010 968 se
1039 933 1150 968 debba
1171 930 1374 967 nominare,
1405 937 1499 960 come
1515 924 1622 960 oraio
1648 922 1790 958 nomino
1806 949 1815 962 ,
1841 937 1859 958 e

395 1008 420 1024 „
445 983 607 1031 presento
621 981 646 1016 il
666 981 895 1027 primogenito
906 982 993 1016 delia
1011 979 1158 1015 Familia
1171 978 1229 1012 de'
1243 977 1376 1023 Signori
1400 971 1539 1018 Soprani
1554 971 1588 1006 di
1602 971 1714 1017 questa
1737 970 1837 1004 Cittz't
1850 998 1859 1010 ‚

394 1057 419 1076 ‚2
445 1042 465 1065 e
484 1042 555 1064 Ποῦ
571 1028 726 1063 volendo
748 1027 848 1060 detto
870 1026 1103 1073 primogenito
1121 1026 1277 1060 ricevere
1294 1024 1387 1058 detta
1414 1020 1573 1057 nomina,
1600 1019 1721 1065 voglio
1744 1018 1805 1052 che
1820 1015 1862 1052 sia

397 1104 422 1119 ‚,
446 1077 620 1112 chiamato
636 1101 646 1114 ,
670 1074 846 1109 nominato
860 1100 869 1114 ‚
893 1086 912 1108 e
927 1073 1124 1122 presentato
1136 1072 1159 1106 l'
1173 1073 1264 1107 altro
1282 1079 1361 1105 nato
1377 1068 1444 1103 ἃς.
1466 1065 1635 1102 ancorche
1660 1064 1792 1099 infante
1808 1091 1818 1104 ,
1844 1077 1861 1100 e

398 1151 422 1166 ,‚
446 1124 519 1159 cosi
537 1125 570 1158 in
594 1130 775 1157 mancanza
789 1131 848 1165 per
862 1132 973 1156 morte
989 1146 998 1160 ‚
1021 1133 1042 1156 o
1060 1121 1148 1155 altra
1162 1117 1260 1153 causa
1277 1143 1287 1157 ,
1311 1116 1566 1164 gradatamente
1582 1113 1657 1147 vadi
1686 1112 1859 1158 seguitan-

398 1199 422 1214 „
448 1173 492 1206 do
508 1197 519 1212 ,
544 1169 679 1205 finoche
689 1170 723 1205 vi
742 1167 886 1204 saratino
902 1166 977 1216 figli
994 1167 1114 1203 maschi
1130 1165 1292 1212 legittimi
1307 1189 1315 1204 ‚
1334 1175 1358 1198 o
1371 1161 1425 1196 del
1448 1161 1516 1205 Sig.
1532 1159 1704 1205 Gregorio
1722 1183 1733 1197 ‚
1760 1171 1781 1192 0
1805 1159 1862 1194 dcl

398 1246 424 1261 „
449 1218 520 1265 Sig.
533 1217 650 1253 Pietro
662 1217 799 1252 Andrea
812 1242 822 1255 ‚
838 1229 861 1252 o
874 1216 928 1251 dei
947 1213 1170 1262 Sig.C0rallo
1181 1211 1330 1258 Soprani
1343 1235 1355 1249 ,
1378 1220 1398 1243 ο
1409 1208 1450 1241 de
1468 1206 1542 1242 loro
1554 1207 1766 1241 descendenti
1782 1232 1792 1246 ‚
1819 1211 1862 1243 a&

397 1294 422 1309 ,‚
450 1267 526 1309 casu
537 1292 548 1307 ‚
578 1277 644 1312 quo
658 1265 778 1300 horum
793 1265 925 1311 aliquis
940 1276 1002 1299 non
1013 1262 1120 1309 posset
1132 1286 1142 1300 ,
1170 1271 1191 1294 o
1204 1271 1264 1304 per
1282 1256 1471 1303 incapacith
1484 1279 1495 1293 ,
1523 1265 1543 1288 o
1559 1252 1646 1289 altra
1672 1252 1864 1300 impotenza

398 1340 422 1356 ‚‚
448 1314 625 1348 nominare
637 1310 670 1347 se
685 1310 776 1346 stesso
792 1337 803 1350 ‚
830 1323 849 1347 e
867 1321 934 1346 non
949 1310 984 1346 vi
1002 1308 1079 1345 fosse
1093 1309 1194 1343 alcun
1207 1307 1298 1341 altro
1311 1332 1321 1346 ,
1340 1304 1432 1350 juffit
1444 1328 1455 1341 ‚
1485 1311 1523 1336 ut
1538 1302 1595 1336 hic
1613 1303 1864 1348 proximiorem

400 1385 424 1404 ‚2
447 1364 643 1398 nominaret
657 1384 667 1398 ,
693 1359 894 1404 defessaque
907 1360 1044 1395 tandem
1060 1363 1167 1393 Gente
1183 1355 1246 1390 hac
1258 1350 1402 1399 Soprani
1417 1376 1427 1391 ,
1445 1348 1500 1394 jus
1515 1349 1709 1384 nominandi
1719 1349 1867 1395 reliquit

399 1434 426 1450 ,‚
455 1407 697 1444 Communitati'
711 1405 938 1452 senogalliae3
963 1411 998 1440 In
1016 1405 1089 1440 alia
1104 1415 1189 1439 vero
1205 1397 1399 1437 tellamenti
1410 1404 1512 1445 parte
1531 1397 1572 1432 de
1591 1404 1782 1442 patronatu
1800 1396 1865 1431 haec

400 1481 426 1497 ,‚
450 1454 573 1490 hahuit
588 1466 599 1486 =
624 1451 770 1489 Intendo
783 1477 793 1491 ,
819 1451 882 1488 che
897 1451 1012 1498 questa
1024 1450 1162 1486 nomina
1173 1456 1380 1494 appartenga
1396 1445 1429 1479 ai
1449 1441 1680 1490 primogenito
1690 1441 1780 1477 della
1795 1441 1869 1477 sud-

396 1527 424 1543 o,
449 1501 546 1536 detta
561 1499 708 1536 Familia
729 1500 770 1534 de
799 1498 938 1545 signori
960 1500 1102 1547 Soprani
1120 1497 1248 1543 sempre
1274 1494 1306 1529 di
1332 1493 1507 1539 maggiore
1521 1491 1576 1525 eta
1601 1490 1711 1524 anche
1737 1489 1868 1525 infante

400 1575 425 1591 2,
448 1547 537 1584 colle
547 1546 746 1585 condizioni
758 1546 952 1592 sopradette
963 1573 974 1588 ‚
1000 1560 1020 1583 e
1030 1546 1092 1582 che
1104 1542 1239 1589 possano
1251 1540 1444 1589 presentare
1459 1549 1580 1572 ancora
1593 1536 1624 1571 se
1641 1534 1722 1571 steffi
1737 1536 1769 1571 in
1780 1536 1868 1571 eser·

401 1623 426 1639 ,‚
451 1605 558 1632 citare
571 1596 749 1643 questoius
763 1620 771 1631 ‚
799 1594 995 1630 mediantei
1020 1596 1092 1630 loro
1106 1591 1235 1626 Tutori
1249 1616 1259 1629 ,
1274 1600 1292 1623 e
1306 1585 1487 1623 (juratori,
1517 1581 1716 1620 liberandoli
1729 1583 1783 1618 dal
1811 1595 1867 1617 re-

401 1670 427 1686 „
451 1645 562 1680 citare
577 1645 602 1677 1’
618 1643 731 1678 offizio
745 1641 814 1678 sino
829 1641 889 1677 alli
904 1641 999 1678 venti
1016 1639 1096 1676 anni
1113 1664 1124 1678 ,
1150 1648 1203 1671 ma
1220 1647 1286 1670 non
1304 1635 1390 1669 datia
1408 1631 1643 1669 celebrazione
1657 1629 1746 1667 delle
1761 1629 1866 1665 Messe

402 1718 426 1733 ,‚
451 1692 491 1727 da
504 1690 576 1726 farsi
592 1702 653 1740 per
670 1700 789 1726 mezzo
813 1689 844 1722 d’
859 1687 941 1723 altri
963 1686 1139 1724 Sacerdoti
1153 1709 1199 1725 ‚‚.
1227 1681 1400 1719 Defuncto
1423 1678 1630 1729 Testatore3
1657 1675 1867 1722 praestitoque

402 1751 422 1774 a
438 1737 604 1784 Capitulo
616 1736 837 1772 Cathedralis
852 1734 1005 1771 Ecciefiae
1018 1732 1179 1769 consensu
1193 1758 1202 1770 ,
1225 1729 1458 1764 Canonicatus
1468 1737 1544 1761 cum
1560 1724 1694 1769 iegibus
1705 1748 1715 1761 ‚
1736 1724 1765 1758 ὅ(
1781 1735 1868 1759 (οη-

402 1784 601 1821 ditionibus
613 1796 632 1820 a
647 1782 828 1818 Testatore
842 1781 931 1816 datis
941 1793 960 1816 a
974 1781 1116 1817 Vicario
1128 1776 1291 1815 Generali
1302 1802 1312 1816 ,
1329 1775 1385 1810 cui
1399 1773 1584 1822 Episcopus
1598 1771 1867 1813 Juriidifflonem

403 1832 628 1867 mandaverat
647 1857 656 1870 ,
680 1831 807 1864 erectus
822 1827 889 1863 suit
903 1851 916 1862 .

357 1878 436 1920 Post
450 1878 562 1914 varias
576 1877 670 1914 vices
687 1903 697 1918 ‚
719 1876 897 1923 pluresque
912 1876 1070 1921 personas
1086 1902 1096 1916 ‚
1116 1873 1352 1926 quasiongum
1366 1898 1375 1912 ,
1407 1879 1506 1916 atque
1519 1867 1644 1904 inutile
1666 1865 1744 1901 esset
1763 1865 1864 1901 reser-

407 1939 466 1966 ιε,
487 1925 748 1971 Juspatronatus
760 1924 859 1966 huius
870 1922 1110 1960 Canonicatus
1130 1931 1228 1957 venit
1253 1924 1286 1955 in
1315 1918 1523 1965 Gregorium
1533 1914 1675 1962 Soprani
1690 1939 1701 1952 ,
1722 1925 1778 1960 qut
1803 1925 1867 1949 an·

406 1986 452 2019 no
482 1982 580 2020 1737.
600 1971 820 2020 praesentavit
849 1970 1031 2007 CIericum
1058 1970 1232 2005 ubaldum
1258 1965 1516 2003 BaMaffmium,
1542 1964 1622 2008 qui,
1652 1973 1730 1998 cum
1742 1960 1865 1995 exactis

406 2021 476 2064 iam
497 2022 593 2055 annis
610 2029 665 2060 ες.
681 2018 791 2054 aetatis
806 2017 871 2053 suae
885 2044 894 2057 ‚
919 2017 959 2051 ad
973 2019 1090 2053 Sacros
1107 2016 1253 2051 Ordines
1266 2025 1336 2050 non
1361 2012 1552 2048 ascenderet
1571 2035 1582 2052 .,
1601 2006 1864 2044 controversiam

407 2066 527 2103 habuit
543 2079 620 2102 cum
634 2066 833 2102 Promotore
852 2064 976 2100 Fiscali
992 2064 1104 2100 Curiae
1118 2061 1323 2108 Episcopalis
1349 2058 1553 2105 senogailiae
1569 2084 1578 2098 ‚
1605 2055 1661 2090 cui
1676 2065 1767 2089 mens
1792 2055 1839 2090 est
1854 2079 1864 2094 ,

407 2126 446 2152 ut
462 2115 517 2150 vel
531 2114 782 2149 canonicatum
795 2111 968 2148 dimittere
984 2136 995 2151 ,
1018 2111 1076 2146 vel
1089 2111 1206 2145 Sacros
1220 2109 1365 2144 Ordines
1389 2106 1550 2151 suscipere
1573 2110 1726 2138 teneatur
1740 2129 1747 2136 .
1775 2102 1864 2135 Cum

407 2163 475 2197 alia
493 2162 609 2197 omnia
634 2160 778 2196 sentiret
805 2159 1001 2195 Canonicus
1028 2156 1269 2196 Baidaffinius,
1292 2154 1406 2190 delata
1429 2164 1480 2188 res
1502 2150 1548 2185 est
1571 2149 1616 2185 ad
1641 2150 1702 2183 hoc
1725 2148 1864 2184 Sacrum

407 2208 580 2244 Tribunal
596 2235 603 2241 .
634 2209 781 2243 Auditus
794 2206 857 2241 fuit
872 2205 1054 2254 Episcopus
1067 2200 1330 2250 Senogaliienfis
1348 2229 1356 2242 ‚
1379 2199 1436 2246 qui
1449 2198 1556 2236 refert
1581 2195 1782 2241 Capitulum
1798 2207 1863 2230 ex-

407 2254 513 2302 presse
526 2253 642 2290 sassum
658 2253 775 2293 suiss’e,
796 2253 931 2288 nullum
945 2252 1004 2288 fibi
1020 2279 1030 2293 ‚
1055 2253 1086 2288 &
1108 2249 1294 2286 Canonicis
1308 2248 1551 2283 detrimentum
1575 2242 1720 2282 inferri,
1745 2242 1766 2277 fi
1782 2241 1864 2279 Bai-

406 2302 568 2340 daflinius
585 2301 620 2336 in
633 2300 721 2336 statu
743 2299 911 2335 Clericali
925 2306 1120 2344 permaneat
1133 2323 1143 2337 ,
1164 2296 1352 2331 dummodo
1363 2294 1473 2328 Chori
1488 2319 1497 2332 ,
1521 2292 1697 2325 Sacrorum
1717 2301 1866 2325 conven-

407 2349 557 2384 tualium
571 2374 581 2387 ‚
605 2348 737 2394 aliaque
752 2357 854 2382 onera
873 2356 931 2390 per
946 2346 1054 2381 alium
1069 2346 1275 2389 impleantur·
1289 2370 1296 2378 .
1322 2341 1395 2387 lpse
1409 2352 1493 2375 vero
1521 2337 1642 2372 dubius
1657 2336 1703 2371 est
1716 2363 1725 2376 ‚
1753 2339 1864 2371 incer-

407 2395 526 2441 tusque
538 2422 547 2433 ,
568 2406 678 2442 neque
691 2394 895 2430 sententiam
910 2393 1025 2439 aperit
1037 2391 1129 2428 suam
1146 2392 1180 2424 in
1191 2390 1251 2425 hac
1266 2389 1362 2425 causa
1382 2415 1391 2428 ‚
1413 2388 1448 2422 in
1462 2386 1573 2434 quain
1587 2385 1774 2418 contrarias
1790 2394 1863 2430 par<

408 2452 461 2478 tes
475 2443 636 2478 abierunt
651 2445 770 2478 Piton.
783 2443 821 2477 de
841 2450 997 2476 controv.
1014 2446 1157 2474 Patron.
1173 2439 1279 2484 alleg.
1293 2441 1349 2471 80.
1362 2460 1373 2474 ,
1393 2439 1436 2472 ἅν
1452 2441 1535 2476 Rota
1562 2444 1673 2467 coram
1707 2438 1859 2466 Lancett.

406 2489 505 2533 decifi
522 2499 603 2535 59²⁶
619 2487 709 2524 Cum
723 2488 838 2534 itaque
861 2498 952 2523 nunc
979 2493 1210 2533 proponatur,
1235 2481 1422 2520 definienda
1445 2492 1482 2514 ea
1502 2479 1637 2524 quaestio
1664 2477 1732 2517 est,
1755 2488 1796 2511 an
1822 2488 1863 2511 ex

407 2537 520 2572 verbis
538 2562 548 2577 ,
592 2548 639 2571 uae
654 2535 807 2570 dedimus
819 2559 830 2574 ,
860 2533 1050 2569 testamenti
1064 2531 1304 2578 christophori
1322 2526 1632 2572 Luehicolligatur
1645 2525 1716 2567 ejus
1740 2523 1863 2557 voiun-

408 2590 460 2617 tas
474 2608 484 2621 ,
511 2593 546 2616 ut
599 2584 795 2617 anonicatus
812 2608 822 2622 ‚
850 2592 951 2627 quem
961 2579 1046 2626 erigi
1061 2579 1176 2614 voluit
1198 2579 1234 2614 in
1251 2574 1400 2614 Ecclesia
1414 2573 1613 2609 Cathedrali
1635 2569 1838 2615 senogaliix
1856 2596 1865 2609 ,

407 2638 477 2663 non
492 2627 571 2662 esset
584 2629 805 2664 Sacerdotalis
820 2654 830 2668 ‚
859 2629 911 2663 sed
933 2626 1128 2672 simpliciter
1149 2624 1331 2660 clericalis
1346 2650 1353 2658 .
1381 2621 1532 2656 Ubaldus
1551 2644 1558 2658 ,
1577 2620 1630 2655 cui
1648 2617 1737 2653 favet
1752 2617 1865 2651 Patro-

407 2685 469 2711 nus
485 2700 494 2713 ,
517 2675 632 2709 exilia
647 2676 897 2710 testamentaria
926 2673 1142 2722 dispositione
1157 2672 1303 2717 disputat
1318 2668 1568 2705 Canonicatum
1594 2675 1659 2699 non
1673 2662 1735 2699 esse
1749 2663 1868 2697 Sacer-

404 2721 557 2758 dotalem
571 2746 581 2762 ‚
605 2723 637 2758 ὄι
656 2730 751 2768 urget
768 2723 932 2768 optimam
948 2720 1108 2766 cujusque
1129 2718 1280 2758 obscurtt
1296 2716 1383 2764 legis
1407 2716 1622 2760 interpretem
1646 2710 1871 2750 consuetudi·
1905 2758 1913 2764 ψ

1716 2769 1794 2796 nem
1812 2783 1822 2799 ,
