1977 3028
578 121 654 160 ET
693 119 1112 158 RESOLUTION
1136 119 1244 158 ΗΜ.

205 170 511 209 BENEFlClUM
536 170 747 208 SIMPLEX
770 198 778 207 .

88 222 407 260 Commutationem
420 247 431 260 ,
462 222 494 256 ὅ(
511 220 769 256 translationem
786 217 897 252 inuti-

130 270 175 306 lis
199 270 439 304 Canonicatus
470 270 512 302 de
539 268 609 308 iure
636 275 835 314 patronatus
862 265 898 300 in

131 317 274 363 simplex
290 313 501 352 Beneficium
518 315 683 362 elargitur
695 316 785 350 Sacr.
802 310 898 347 Con-

130 374 271 411 gregat.
286 363 448 409 imposito
460 373 564 399 onere
588 374 700 399 annuo
721 360 900 397 Missarum

129 414 282 450 arbitrio
301 411 484 458 Episcopi,
505 412 537 447 δι
557 411 667 447 soluta
679 405 900 454 eleemosyna

131 472 190 505 per
204 469 363 503 patronos
375 470 418 494 ex
436 460 576 505 propria
604 458 748 505 pecunia
776 467 901 492 taxan-

65 530 68 533 >
130 509 172 548 da
188 509 233 543 ab
248 506 416 553 Episcopo
431 507 467 541 in
495 507 622 552 Clufina
654 505 901 545 commutatio-

131 553 362 596 nisBeneficii
375 564 411 602 p.
427 564 487 600 59.

465 601 547 684 C

192 695 494 733 CANoNicus
519 695 778 733 CANONICI

335 743 388 779 IN
414 744 612 781 GENERE
626 770 638 780 .

84 793 136 876 S
153 793 286 827 Acium
312 789 564 829 Conventuale
590 791 689 828 sicuti
712 792 824 838 agitur
837 803 899 838 pro

160 838 445 876 ssenefafioribus
473 840 612 877 incertis
637 865 648 880 ,
691 841 723 877 ἃ
752 850 899 886 quorum

127 887 234 934 periit
247 886 411 922 memoria
427 913 438 926 ‚
463 886 526 924 hoc
541 887 624 924 ideo
637 898 744 923 onere
758 887 897 934 gravari

127 943 303 980 nequeunt
316 933 556 971 Canonicatus
570 933 648 975 illi,
673 935 784 981 quide
797 945 892 969 novo

127 982 232 1018 erecti
247 990 360 1016 certos
375 981 503 1016 habent
524 981 720 1018 fundatores
739 1007 749 1022 ,
775 990 890 1017 certa-

125 1040 192 1075 que
207 1039 312 1067 onera
331 1028 411 1064 data
425 1029 461 1063 in
475 1027 696 1065 fundatione.
717 1039 759 1078 p.
781 1039 838 1076 72.
855 1028 890 1076 §-

129 1078 252 1115 ,Ενοὲἶα
266 1079 360 1112 circa
369 1076 434 1118 fin·

172 1124 400 1161 Contrarium
426 1123 544 1160 statuit
568 1125 642 1160 sac.
654 1124 895 1171 congregatio

125 1171 162 1210 in
182 1175 374 1208 Ariminen.
395 1173 500 1217 Miffae
533 1174 822 1219 conventudisp.
835 1182 892 1218 72.

122 1220 283 1265 cumseq.
301 1221 344 1254 ad
358 1222 382 1254 Ι.
399 1219 479 1254 dub.
495 1246 506 1258 .
534 1220 716 1266 voluitque
732 1219 892 1254 Canoni*

127 1277 190 1302 cos
201 1265 412 1314 Collegiatae
423 1265 599 1302 Sabiniani
615 1267 722 1302 teneri
736 1267 890 1315 applica—

126 1325 164 1350 re
178 1312 314 1349 Miss'am
328 1313 612 1351 conventualem
624 1325 684 1361 pro
698 1314 889 1351 benefacio-

125 1360 218 1399 ribus
233 1362 267 1395 in
281 1372 426 1408 genere.
454 1377 462 1386 ·

171 1408 261 1455 Qae
273 1416 389 1445 tamen
401 1409 585 1455 applicatio
595 1421 656 1457 per
663 1419 804 1447 turnum
817 1410 903 1447 inci-

128 1457 222 1501 pien.
233 1457 278 1491 ab
292 1457 623 1505 Archipresbytero,
632 1460 808 1499 attenta‚&
821 1470 900 1507 per-

127 1505 273 1539 durante
286 1504 462 1540 tenuitate*
472 1507 666 1542 reddituum
680 1507 816 1542 reducta
828 1507 895 1542 fuit

124 1561 188 1597 pro
211 1552 321 1597 gratia
339 1553 380 1586 ad
393 1553 465 1589 dies
493 1553 592 1590 festos
618 1563 781 1591 tantum.
806 1553 894 1591 Ibid-

124 1599 171 1635 ad
184 1602 228 1633 II.
245 1604 287 1636 (y-
302 1604 362 1635 III.
375 1600 454 1636 dub.
855 1627 857 1630 -

150 1644 194 1679 Et
209 1656 286 1680 cum
298 1647 539 1692 exquireretur
550 1651 649 1686 Sacra
658 1649 894 1697 congregatio

126 1702 171 1743 an
181 1703 246 1745 pro
262 1701 422 1741 ternpore
437 1699 608 1741 praeterito
623 1699 768 1744 praediCti
784 1699 896 1734 Cano-

125 1750 196 1775 nici
215 1749 417 1778 tenerentur
432 1745 473 1779 ad
486 1745 755 1792 applicationem
776 1744 894 1781 Missa-

127 1796 204 1823 rum
218 1787 511 1827 Conventualium
526 1805 596 1829 non
609 1794 862 1829 celebratarum
877 1818 890 1833 ‚

125 1833 323 1881 responsum
335 1837 433 1874 dedit
447 1841 502 1875 ad.
517 1848 559 1876 D.
575 1845 809 1877 secretarium
828 1843 888 1885 fiz—

126 1883 194 1965 :iub
203 1884 311 1941 :verbo
325 1897 399 1922 cum
416 1888 620 1934 Sanbhffimo
634 1915 644 1925 .
669 1887 758 1923 ibid.
773 1891 816 1923 ad
830 1894 889 1925 IV.

154 1946 168 1961 τι
197 1943 269 1967 tum
281 1956 291 1966 .

79 1976 277 2029 canonici,
301 1979 361 2025 qui
374 1979 760 2029 Cappellaniashabent
778 1982 813 2018 in
830 1982 892 2017 Ec-

127 2023 236 2078 clefiis
255 2025 466 2074 Collegiatis
479 2056 503 2071 ‚,
518 2042 597 2066 cum
610 2031 786 2077 duplicem
814 2030 893 2066 sub-

127 2071 273 2124 stineant
286 2075 481 2122 personam,
495 2078 529 2113 &
544 2079 668 2126 duplex
683 2086 805 2125 gerant
819 2078 892 2112 offi-

128 2130 220 2156 cium
233 2119 403 2158 Canonici
426 2135 546 2171 nempe
559 2153 569 2166 ,
594 2128 626 2162 &
652 2125 862 2175 Cappellani
881 2151 894 2168 ,

129 2175 292 2249 ξῃεηῑιιι·
305 2169 346 2204 ad
360 2170 565 2210 solutionem
595 2183 682 2211 taxae
697 2203 705 2212 .
728 2185 766 2224 p.
781 2184 833 2216 52.
858 2172 892 2220 ξ.

159 2228 238 2251 esst-s
253 2241 265 2253 ο

169 2261 275 2308 Qud
286 2263 508 2305 confirmavit
521 2269 592 2307 Sac.
607 2269 841 2317 congregatio
859 2268 895 2306 in

133 2313 279 2353 Romana
308 2313 498 2356 utensilium
516 2326 556 2364 p.
580 2326 639 2362 52·
658 2320 714 2353 ubi
737 2317 896 2354 definivit

131 2359 222 2401 quod
237 2371 296 2402 pro
316 2359 550 2405 Cappellaniis
573 2377 650 2400 cum
673 2377 774 2400 onere
799 2365 890 2401 Mis-

129 2402 241 2442 sarum
261 2405 404 2452 poffeffis
430 2412 565 2449 etiama
592 2412 779 2448 Canonicis
795 2439 805 2453 ‚
833 2414 893 2448 Sa·

129 2461 208 2533 giss
223 2464 245 2487 0
271 2454 422 2495 Ecclefiae
440 2460 649 2496 deberentur
673 2461 778 2497 solita
793 2470 894 2496 uten-

146 2511 156 2533 Ι
177 2511 208 2533 la
224 2529 230 2535 .

86 2545 344 2585 CANONICI
378 2550 676 2591 CANONICUS

167 2595 459 2634 ABSENTIAM
479 2627 489 2640 ‚
517 2602 580 2636 EI*
606 2602 816 2639 PRAESEN-

268 2644 402 2681 TiAM
433 2648 484 2682 lN
511 2649 711 2686 CHORO.

84 2690 410 2729 Anniversariorum
440 2698 671 2733 emolumenta
703 2698 825 2734 dantur
848 2710 890 2734 ex

130 2737 214 2780 juris
226 2740 438 2791 dispositione
451 2743 505 2779 his
521 2772 530 2784 ,
542 2746 600 2791 qui
614 2746 791 2791 presentes
802 2745 889 2786 sunt,

129 2796 197 2821 uon
210 2786 261 2822 his
272 2789 330 2835 qui
344 2791 465 2832 absunt
475 2819 485 2832 ‚
501 2793 584 2829 licet
597 2794 821 2840 privilegium
831 2795 888 2829 ha·

1718 138 1760 162 ὁ-

998 172 1100 207 beant
1126 180 1164 206 ut
1186 169 1365 217 praesentes
1391 176 1618 216 reputentur.
1638 183 1677 219 p.
1701 148 1760 217 49³,

995 222 1154 266 cumseq.
1171 221 1201 262 ᾗ.
1222 221 1351 254 Paruit
1364 219 1455 253 circ-i
1474 220 1560 253 med.

1029 266 1173 312 Ideoque
1183 265 1205 301 fi
1219 264 1447 312 privilegium
1460 266 1627 311 exprimat
1637 270 1763 309 omnia,

995 318 1040 351 ὅ)
1058 313 1198 360 fingula
1229 320 1476 354 canonicatus,
1509 321 1551 351 (9-
1571 315 1762 363 prabendae

988 361 1219 410 praefatorum
1231 360 1369 405 frui‘ltts
1384 385 1395 399 ,
1420 363 1577 399 redditus
1595 373 1761 410 proven-

996 418 1057 444 tus
1073 433 1084 448 ,
1097 408 1178 454 jura
1193 434 1203 448 ,
1219 407 1446 445 obventiones
1460 436 1471 449 ‚
1495 414 1538 446 Θ
1552 411 1763 448 emolamen-

998 465 1037 492 ta
1053 468 1272 503 quaecumque
1289 462 1368 492 &a
1381 456 1473 492 trahi
1488 467 1556 491 non
1581 456 1690 502 potest
1714 458 1762 493 ad

997 502 1240 540 emolumenta
1275 503 1612 539 Annivcrsariorum
1638 532 1648 546 ,
1687 517 1763 550 quae

996 563 1066 587 non
1079 553 1224 587 veniunt
1239 562 1282 586 ex
1302 552 1522 586 eanonicam
1538 577 1547 590 ‚
1570 552 1601 587 δι
1618 555 1763 598 praeben-

993 598 1039 634 da
1055 626 1065 640 ,
1098 597 1157 634 sed
1183 611 1226 635 ex
1251 598 1508 635 fundationibus
1531 626 1541 642 ‚
1580 601 1612 634 ὅ(
1635 600 1763 646 legatis

995 646 1138 683 Piorum
1154 645 1379 682 Testatorum
1432 648 1516 683 [hid.
1531 650 1621 683 circa
1629 651 1691 690 fin.

1033 695 1153 742 quue
1166 695 1312 739 amplius
1326 693 1348 729 si
1365 695 1397 729 in
1407 694 1599 742 privilegio
1611 694 1762 740 expresse

996 742 1128 779 fuerint
1142 751 1295 789 exceptae
1312 741 1567 778 distributiones
1588 744 1764 789 quotidia—

995 803 1047 826 nae
1065 815 1076 829 ‚
1101 791 1133 825 ὅτ
1160 790 1237 826 ideo
1261 800 1403 835 excepta
1431 790 1535 825 etiam
1561 791 1761 828 censeantur

995 837 1160 883 stipendia
1191 837 1515 874 Anniversariorum
1541 850 1614 885 quae
1639 840 1762 874 eodem

994 888 1069 930 jure
1084 885 1268 921 censentur
1294 897 1332 921 ac
1359 885 1620 922 distributiones
1637 888 1760 933 quoti-

988 936 1116 970 dianae.
1151 933 1353 974 [bid-infin.

1013 979 1202 1028 Multoque
1211 992 1319 1028 magis
1334 980 1356 1015 si
1369 982 1507 1017 accedat
1517 980 1687 1027 dispositio
1698 980 1755 1017 sta·

990 1029 1120 1064 tutaria
1143 1028 1292 1071 ejusdem
1317 1028 1476 1064 Ecclesiae
1494 1056 1504 1069 ,
1533 1040 1601 1074 qua
1620 1039 1763 1065 cautum

991 1075 1032 1110 sit
1047 1086 1086 1110 ut
1113 1076 1349 1110 emolumenta
1362 1075 1565 1112 eorumdem
1589 1079 1763 1112 Anniver-

990 1123 1158 1158 sariorum
1183 1122 1316 1158 nonnisi
1351 1122 1573 1169 praesentibus
1595 1123 1762 1159 distribu-

989 1181 1115 1208 antur3
1136 1169 1239 1206 Tunc
1253 1172 1345 1206 enim
1361 1182 1445 1216 opus
1459 1170 1540 1206 esset
1553 1181 1590 1206 ut
1604 1171 1684 1207 huic
1701 1171 1761 1207 stau

989 1220 1122 1254 tutariae
1153 1217 1363 1264 disp2fitioni
1401 1221 1559 1254 Summus
1598 1219 1762 1255 Pontifex

985 1265 1139 1314 expresse
1166 1264 1358 1313 derogasset
1375 1287 1386 1300 ·
1403 1276 1443 1314 p.
1466 1277 1528 1313 50.
1545 1271 1577 1308 §-
1604 1272 1763 1304 Accede-

986 1327 1024 1352 re
1042 1317 1076 1349 in
1087 1317 1205 1362 princ.

1020 1362 1146 1409 Neque
1159 1361 1287 1408 opponi
1301 1363 1431 1407 poterit
1445 1361 1545 1398 causa
1560 1361 1738 1408 privilegii
1748 1389 1759 1403 .

996 1411 1086 1457 quod
1103 1409 1141 1445 iit
1161 1410 1287 1445 bonum
1316 1409 1517 1455 pubiicum
1553 1409 1685 1457 recepti
1713 1409 1761 1444 fi·-

996 1458 1136 1504 quidem
1160 1457 1244 1499 juris
1259 1456 1331 1495 est,
1354 1466 1393 1491 ut
1421 1457 1462 1492 ad
1491 1457 1760 1494 lucriiaciendas

990 1505 1251 1541 distributiones
1276 1531 1285 1544 ,
1311 1505 1345 1540 &
1377 1506 1613 1541 emolumenta
1643 1506 1762 1552 perci-

991 1554 1114 1598 pienda
1128 1579 1139 1593 ,
1163 1565 1235 1600 quae
1250 1552 1464 1599 personalem
1481 1564 1617 1599 operam
1646 1553 1761 1600 requi-

948 1611 951 1613 ·
991 1611 1071 1639 runt
1084 1628 1094 1642 ‚
1121 1613 1190 1637 non
1208 1599 1366 1646 proficiat
1383 1601 1482 1636 eausa
1497 1601 1657 1636 absentiae
1676 1601 1758 1637 licet

990 1662 1052 1697 pro
1075 1648 1230 1686 utilitate
1257 1646 1412 1684 Ecclesiae
1439 1648 1643 1684 universalis
1676 1674 1685 1685 ‚
1726 1650 1762 1686 δε

992 1709 1055 1745 pro
1077 1697 1215 1744 publico
1240 1696 1440 1742 religionis„
1463 1697 1497 1732 δι
1524 1695 1607 1732 fidei
1631 1707 1757 1743 propa—

990 1745 1107 1794 gandae
1121 1745 1215 1780 bono
1227 1770 1234 1779 .
1263 1745 1350 1779 Ibia.

1007 1793 1233 1829 Contrarium
1247 1801 1332 1828 vero
1346 1791 1464 1826 tenuit
1475 1791 1575 1827 Sacra
1591 1791 1756 1837 Congre-

986 1841 1086 1888 gatio
1097 1840 1131 1876 in
1146 1842 1301 1876 Leodien.
1317 1840 1493 1883 indalciss.
1511 1843 1566 1873 60¹
1593 1842 1638 1874 ad
1654 1843 1676 1873 I.
1690 1842 1759 1873 du·-

987 1891 1080 1923 bium
1096 1913 1106 1926 ,
1131 1886 1190 1921 ubi
1204 1885 1320 1921 statuit
1336 1894 1372 1920 ut
1399 1885 1520 1931 vigore
1545 1885 1670 1922 indulti
1695 1886 1757 1921 ab-

987 1933 1116 1969 ess'cndi
1136 1935 1203 1974 jam
1225 1931 1370 1968 concessi
1385 1931 1572 1968 Canonico
1594 1946 1637 1969 ex
1654 1933 1754 1969 causa

987 1982 1185 2017 Miffionum
1201 1983 1463 2026 peragendarum
1480 2006 1490 2019 ,
1505 1980 1685 2017 deberetur
1705 1981 1757 2015 ei-

987 2031 1064 2065 dem
1078 2029 1161 2065 licet
1174 2039 1239 2063 nori
1262 2029 1514 2063 intervenienti
1528 2029 1645 2073 portio
1664 2041 1757 2064 enio-

989 2078 1228 2113 lumentorurn
1256 2077 1536 2121 provenientium
1564 2088 1608 2112 ex
1638 2077 1757 2112 Anni-

989 2124 1146 2166 versariis
1182 2133 1251 2159 tam
1274 2122 1376 2165 fixis,
1402 2136 1504 2170 quam
1526 2125 1673 2160 incertis
1688 2149 1699 2163 ,
1723 2124 1757 2159 &

991 2171 1274 2208 extraordinariis
1286 2196 1298 2207 .

944 2219 1165 2258 valetudinis
1181 2219 1283 2255 causa
1301 2217 1435 2254 absenti
1448 2217 1564 2254 deberi
1587 2231 1655 2266 pro
1668 2228 1756 2254 tem—

991 2279 1073 2318 pore
1088 2267 1152 2304 suae
1165 2267 1326 2303 absentiae
1340 2266 1533 2312 portionem
1543 2266 1649 2302 masse
1662 2278 1754 2302 corn-

992 2316 1104 2352 munis
1116 2313 1214 2351 ficuti
1229 2314 1354 2351 ceteris
1370 2314 1659 2360 participantibus
1671 2343 1680 2355 ,
1699 2317 1758 2349 de-

986 2363 1094 2400 duciis
1107 2372 1242 2399 tantum
1254 2362 1410 2398 oneribus
1440 2361 1622 2398 Miffarum
1639 2363 1679 2397 ad
1702 2375 1757 2397 ra-

987 2412 1116 2447 tionem
1130 2410 1286 2447 caroleni
1302 2409 1405 2445 unius
1420 2419 1480 2454 pro
1492 2409 1645 2454 qualibet
1669 2410 1759 2445 Mii-

992 2459 1046 2500 sa,
1066 2457 1273 2505 rescriptum
1287 2456 1353 2493 fuit
1371 2456 1406 2491 in
1424 2461 1653 2506 caputaqucn.
1675 2468 1760 2506 par.

991 2509 1256 2558 ticipationispe
1270 2505 1328 2550 78.

704 2555 893 2602 QUOAD
940 2554 1099 2591 Praefixio
1114 2563 1255 2589 termini
1270 2560 1392 2587 contra
1417 2562 1479 2587 eos
1493 2551 1552 2597 qui
1568 2563 1586 2586 a
1602 2550 1759 2588 Canoni-

989 2602 1055 2639 cali
1071 2599 1249 2636 residentia
1265 2598 1387 2634 absunt
1402 2624 1412 2638 ,
1443 2599 1571 2645 quique
1587 2600 1620 2634 in
1637 2600 1759 2635 absen-

989 2650 1038 2686 tia
1065 2658 1283 2684 contumaces
1309 2646 1405 2684 sunt,
1440 2658 1508 2682 non
1533 2645 1670 2685 strisse,
1700 2647 1757 2682 sed

986 2699 1086 2741 iuxta
1109 2694 1306 2731 fridentini
1321 2692 1581 2741 dispositionem
1599 2695 1646 2729 est
1666 2705 1758 2729 acci·

984 2745 1113 2793 pienda
1127 2768 1137 2778 .
1160 2753 1199 2791 p.
1221 2746 1273 2778 18.
1288 2746 1319 2784 §.
1339 2744 1368 2774 ix
1381 2755 1420 2776 on
1433 2743 1562 2788 paruit
1579 2744 1660 2777 circ.
1672 2742 1731 2782 fin.

1007 2792 1110 2840 Qod
1126 2789 1347 2827 confirmavit
1359 2790 1460 2825 Sacra
1472 2787 1711 2837 Congregatio
1723 2788 1756 2824 in

1629 2843 1710 2873 son—
