1977 3028
1204 130 1205 133 ,
1532 101 1576 136 4ε

102 145 177 178 aa.
202 139 346 182 ideoque
362 135 522 172 Nuncius
551 133 774 182 Apostolicus
803 132 1022 170 Colonienfis
1039 135 1297 183 sequentianno
1330 142 1424 172 1601.
1442 137 1578 173 Decre-

99 198 172 225 tum
187 187 254 221 hoc
283 183 438 230 Episcopi
468 183 598 219 Ernesti
617 181 837 220 confirmavit
856 209 864 217 .
889 183 1032 218 Servata
1058 184 1128 219 htec
1158 187 1212 219 lex
1231 183 1296 218 fuit
1317 185 1356 218 ad
1372 196 1499 219 annum
1521 186 1578 222 us-

101 247 170 281 que
191 243 314 276 1703.,
340 244 410 279 quo
426 241 579 277 tempore
596 258 606 271 ‚
631 244 709 267 cum
737 226 934 265 Beneficiati
959 242 977 264 a
1001 233 1199 266 munerib-„is
1222 232 1313 266 hisce
1338 233 1579 274 defleeterent,

100 280 311 328 Capitulum
327 291 447 325 preces
475 278 603 313 obtulit
633 279 783 326 Optimo
801 276 953 322 Principi
967 276 1144 312 Clementi
1168 278 1259 318 XL,
1285 281 1409 323 quibus
1434 279 1580 324 postula·

105 332 191 368 bat,
216 337 254 362 ut
277 327 509 362 declararetur
534 327 653 360 eadem
683 322 857 360 Beneficia
878 351 888 363 ,
916 325 971 358 vel
998 323 1062 359 esse
1088 325 1259 360 manualia
1279 352 1287 364 ‚
1313 327 1344 360 &
1369 330 1407 362 ad
1431 328 1580 367 eiusdem

107 375 265 423 Capituli
279 385 398 409 nutum
423 372 625 409 amovibilia
642 399 652 413 ,
680 373 736 407 vel
752 369 774 405 si
791 370 1022 407 residentialia
1038 371 1143 407 ess‘cnt
1156 398 1167 411 ‚
1191 382 1229 408 ut
1254 372 1398 407 facultas
1411 373 1491 408 esset
1503 376 1579 410 Ca-

109 425 226 469 pitulo
242 421 451 467 negligentes
465 420 643 455 servitium
657 418 812 464 praestare
843 417 1012 454 Beneficio
1027 420 1207 467 privandi.
1236 420 1330 455 Data
1345 419 1409 455 suit
1432 420 1578 466 postula-

109 472 216 507 tionis
233 470 331 511 hujus
356 468 511 515 cognitio
532 468 640 503 Sacro
664 467 744 503 huic
771 466 956 502 Tribunali
972 493 982 506 ‚
1010 468 1040 502 &
1060 467 1234 514 propositis
1257 471 1290 504 in
1314 474 1577 515 Congregatz'one

111 519 226 555 habita
251 520 305 552 die
319 525 375 556 27.
392 518 520 551 Martii
533 529 617 551 anno
642 522 739 556 i7o6.
758 515 872 550 tribus
892 513 983 549 hisce
997 514 1126 550 Dubiis
1140 542 1163 555 ‚,
1190 515 1215 550 l.
1232 517 1289 550 An
1306 515 1360 550 sex
1387 515 1553 551 Beneficia
1567 543 1576 556 2

111 583 137 610 ,>‚
159 567 200 602 de
213 564 335 611 quibus
349 564 484 610 agitur,
513 561 575 597 sint
591 563 763 598 manualia
777 588 788 601 ,
814 564 847 597 8<
870 561 1093 602 amovibilia,
1121 562 1176 598 seu
1191 564 1305 607 potius
1330 563 1578 599 residentialia„

112 641 136 656 „
162 613 281 648 11.An
305 609 368 647 fint
396 610 618 646 residentialia
634 638 644 652 ,
670 611 702 646 &
718 611 818 656 quale
834 608 1013 645 servitium
1038 609 1239 647 Beneficiati
1261 611 1415 657 proestare
1433 620 1578 647 tenean-

111 689 136 706 ,‚
164 659 241 696 tur.
269 659 427 698 111.An,
454 657 621 703 &quibus
649 658 759 705 poenis
782 658 877 704 possit
903 658 1040 702 procedi
1069 667 1189 695 contra
1213 670 1280 693 non
1308 659 1508 699 residentes,
1546 660 1576 693 ὅ(

112 736 136 752 „
162 708 384 744 inservientes
399 708 434 741 in
460 706 538 741 casu
555 709 619 743 dite.
654 708 832 755 Respondit
857 712 995 741 Sacrum
1030 707 1193 743 Tribunal
1211 725 1249 731 ——
1279 707 1335 740 Ad
1355 706 1376 741 l.
1406 706 1579 752 Negative

109 782 135 799 ,‚
159 755 267 802 quoad
283 756 427 802 primam
443 763 572 801 partem
585 780 595 794 ‚
619 753 826 789 affirmative
840 752 954 799 quoad
968 751 1144 790 secundam
1159 783 1167 791 .
1197 756 1252 789 Ad
1269 753 1312 788 ll.
1340 752 1410 788 Ess'e
1429 753 1579 788 reliden-

113 832 138 847 „
165 803 288 842 tialia,
317 804 470 838 &teneri
488 801 532 836 ad
557 801 729 838 servitium
746 801 976 849 praescriptum
996 802 1031 836 in
1058 802 1214 837 Decreto
1242 800 1399 847 Episcopi
1427 800 1552 836 Ernesti
1573 828 1581 836 .

113 879 138 895 ,‚
166 848 299 887 Adlll.
316 849 536 886 Affirmative
550 852 589 885 ad
610 849 757 885 formam
787 849 968 884 literarum
995 849 1186 886 Alexandri
1211 848 1275 884 v1.
1292 875 1302 888 ,
1324 850 1357 884 S<
1388 848 1532 894 amplius
1545 847 1580 882 iri

110 927 138 941 ‚‚
162 897 320 934 omnibus
335 923 358 938 ,‚
384 907 420 933 ut
434 897 467 932 in
481 898 545 932 lib.
561 903 617 942 56.
634 899 759 934 decret.
770 905 809 945 p.
825 901 882 937 48.
898 897 982 931 Haec
998 897 1087 931 Sacri
1104 896 1304 932 Tribunalis
1332 895 1491 931 definitio
1515 896 1581 931 du·

110 947 317 984 bitationern
328 955 465 981 omnem
477 944 610 981 abstulit
627 970 638 985 ‚
668 943 916 980 &Beneficiati
933 954 1037 979 onera
1051 944 1116 979 sui's
1135 942 1314 979 Beneficiis
1339 944 1485 983 iniuncta
1511 944 1581 978 im-

108 997 296 1042 pleverunt
310 1022 320 1031 .
344 996 449 1029 Anno
465 1002 564 1039 1722.
578 992 750 1029 Henricus
765 992 944 1038 Corroyus
956 1003 998 1027 ex
1020 990 1245 1038 resignatione
1261 989 1471 1026 Beneficium
1486 990 1582 1026 obti-

110 1042 190 1078 nuit
209 1043 358 1077 erectuin
371 1041 416 1075 ad
442 1039 568 1076 Altare
583 1041 614 1077 S.
641 1038 847 1085 Leodegarii
877 1040 1024 1074 secundae
1045 1038 1254 1074 fundationis
1270 1065 1281 1080 ,
1305 1040 1336 1073 ὄι
1362 1038 1581 1085 agnoscendo

109 1101 196 1125 onus
215 1086 484 1124 Hebdoiiiadarii
506 1088 613 1122 eidem
628 1087 800 1123 tributum
814 1114 825 1128 ,
855 1086 943 1122 illud
958 1085 1102 1132 implere
1116 1086 1265 1131 promisit
1284 1113 1293 1125 ,
1317 1087 1411 1131 quod
1426 1097 1503 1121 cum
1520 1097 1580 1130 per

109 1137 145 1172 se
159 1135 289 1183 ipsum,
312 1135 393 1181 quia
405 1136 552 1170 nondum
563 1135 722 1171 Sacerdos
738 1144 812 1170 erat
827 1160 837 1175 .
865 1133 1004 1182 explere
1020 1144 1087 1168 non
1116 1133 1243 1180 posset,
1268 1134 1334 1168 sese
1347 1135 1385 1168 ad
1409 1134 1578 1168 Sacerdo-

111 1185 201 1220 tium
215 1182 304 1220 infra
321 1193 447 1219 atinum
460 1182 706 1229 suscipiendum
719 1180 912 1219 obstrictum
929 1181 1041 1217 voluit
1058 1204 1069 1218 2
1093 1183 1126 1218 δι
1141 1209 1152 1223 ,
1170 1185 1340 1230 pendente
1353 1184 1440 1217 timii
1468 1195 1553 1218 anno
1568 1208 1580 1222 ‚

112 1233 204 1268 illud
224 1245 305 1268 onus
320 1257 330 1271 ,
351 1233 590 1274 &servitium
600 1240 667 1279 per
695 1231 804 1265 alium
814 1229 974 1277 praestare
990 1255 1001 1270 ,
1025 1232 1124 1276 eique
1139 1231 1357 1266 honorarium
1384 1229 1580 1273 consuetum

113 1279 238 1327 absque
251 1280 325 1316 ulla
341 1280 609 1314 contradu‘tz'one
622 1303 634 1317 .
662 1282 705 1315 Θ
721 1281 921 1324 exceptione
939 1279 981 1312 ad
993 1279 1214 1314 omnimodam
1229 1279 1312 1312 άίῐέὶ
1326 1284 1413 1323 Rev.
1429 1278 1581 1324 capituli

115 1329 374 1364 indemnitatem
393 1326 596 1372 persolvere
610 1351 621 1366 ,
645 1334 683 1361 ut
696 1324 768 1367 ejus
786 1324 892 1360 verba
908 1323 1051 1363 ,fuerunt
1070 1352 1078 1362 .

65 1371 226 1420 Implevit
255 1372 425 1411 Henricus
450 1370 630 1416 promiss'a,
655 1372 832 1418 datamque
854 1372 958 1408 fidem
986 1373 1145 1409 liberavit
1174 1400 1184 1412 ‚
1211 1375 1242 1409 &
1271 1372 1480 1419 Capitulum
1504 1399 1514 1412 ,
1541 1382 1581 1408 ut

113 1420 245 1460 servitii
261 1419 474 1467 diligentiam
500 1422 701 1467 rependeret
717 1446 727 1459 ,
754 1418 963 1456 menstruum
987 1421 1020 1456 ei
1047 1421 1254 1468 stipendium
1274 1422 1481 1457 florenorum
1496 1433 1580 1467 qua-

111 1481 195 1506 tuor
216 1469 396 1516 affignavit
409 1491 419 1503 .
443 1469 519 1503 Hoc
536 1479 651 1503 rerum
666 1467 782 1503 ordine
794 1477 939 1504 ventum
952 1469 998 1503 est
1021 1470 1064 1504 ad
1077 1481 1201 1504 annum
1219 1481 1278 1510 173
1287 1485 1316 1511 ⁴·
1337 1494 1348 1507 ,
1373 1481 1440 1514 quo
1453 1467 1582 1503 Hemi-

112 1529 173 1554 cus
188 1516 473 1552 Beneficiatorum
494 1515 649 1551 omnium
662 1517 802 1551 nomine
826 1524 939 1562 preces
957 1516 1088 1552 obtulit
1106 1516 1295 1563 Capitulo,
1322 1517 1446 1561 quibus
1462 1526 1582 1551 narra-

111 1568 173 1602 bat
191 1573 343 1600 veterem
360 1574 491 1599 morem
505 1561 683 1610 praestandi
706 1563 856 1610 quinque
873 1565 1019 1600 florenos
1048 1565 1236 1600 menstruos
1249 1591 1259 1604 ,
1285 1566 1490 1611 petebatque
1505 1589 1515 1602 ‚
1541 1572 1581 1598 ut

113 1615 155 1648 ad
177 1613 267 1648 hanc
295 1611 520 1658 quantitatem
545 1610 710 1647 menstrua
738 1612 904 1656 praestatio
931 1624 949 1646 a
972 1611 1142 1658 Capitulo
1158 1621 1360 1658 augeretur,
1390 1610 1582 1657 Displicuit

113 1660 278 1711 Capitulo
293 1659 363 1695 haec
387 1658 568 1704 postulatio
582 1685 592 1698 ‚
617 1660 649 1694 &
665 1659 767 1694 nimis
784 1660 1017 1705 imprudenter
1042 1662 1232 1707 largitatem
1255 1672 1388 1695 omnem
1412 1660 1502 1695 suam
1524 1670 1582 1693 re-

113 1708 256 1743 vocavit
274 1733 285 1747 ,
308 1717 411 1753 atque
428 1706 475 1742 ita
491 1709 534 1742 ob
551 1706 653 1742 unius
667 1707 789 1743 floreni
806 1707 1037 1753 quantitatem
1055 1708 1209 1754 pluribus
1223 1707 1290 1743 sese
1306 1708 1422 1742 litibus
1437 1732 1447 1746 ,
1472 1706 1504 1740 δι
1521 1718 1584 1741 ex·-

113 1754 223 1803 pensis
240 1754 437 1801 implicavit
452 1781 460 1793 ‚
485 1765 564 1789 nam
580 1754 752 1790 Henricus
768 1753 976 1802 Capitulum
993 1755 1027 1790 in
1041 1756 1091 1798 jus
1108 1756 1250 1791 vocavit
1263 1767 1377 1791 coram
1389 1757 1437 1790 A.
1453 1754 1496 1790 C.
1513 1780 1521 1794 ‚
1549 1753 1582 1787 &

116 1800 308 1838 declaravit
327 1801 359 1836 se
372 1801 412 1835 ad
428 1801 518 1836 sacra
533 1801 694 1836 solemnia
709 1805 836 1848 agenda
852 1813 1005 1848 paratum
1019 1830 1028 1842 ,
1055 1816 1130 1839 cum
1144 1813 1259 1838 tamen
1274 1815 1292 1837 a
1314 1803 1480 1846 Capitulo
1492 1812 1584 1835 men-

115 1848 463 1894 struumstipendium
479 1849 629 1895 quinque
652 1849 866 1883 florenorum
893 1850 1081 1885 solveretur
1097 1877 1106 1889 ‚
1132 1849 1312 1895 emisitque
1326 1850 1403 1883 inde
1418 1848 1584 1893 protesta-

115 1897 250 1933 tionem
262 1897 354 1931 nolle
376 1895 409 1930 se
426 1896 580 1941 deinceps
603 1907 725 1930 munus
755 1896 1026 1931 Hebdomadarii
1055 1898 1199 1943 implere
1214 1921 1224 1934 ,
1252 1896 1312 1930 mii
1335 1895 1535 1941 stipendium
1551 1894 1586 1928 in

118 1951 160 1981 ea
185 1943 377 1991 quantitate
398 1942 613 1989 praestaretur
631 1966 641 1981 ‚
668 1941 895 1988 abstinuitque
924 1943 1011 1977 faeto
1037 1945 1078 1978 ab
1095 1944 1314 1990 implemento
1338 1944 1485 1978 muneris
1513 1942 1588 1977 sui.

119 1991 321 2028 CausaaR.
339 1991 374 2027 P.
399 1990 448 2026 D.
465 1990 642 2026 Auditore
657 1989 856 2025 Sanetiisimi
882 2000 1022 2026 avocata
1051 1991 1116 2027 fuit
1140 2004 1157 2026 a
1178 1990 1365 2027 'Tribunali
1391 1992 1437 2026 A.
1461 1990 1502 2025 C.
1518 2017 1527 2030 ‚
1554 1989 1587 2022 &

86 2070 89 2073 Α
121 2041 278 2076 mandata
292 2037 357 2074 fuit
370 2037 563 2083 jurisdictio
577 2038 678 2072 Sacro
695 2037 776 2072 huic
794 2037 983 2073 Tribunali'
998 2065 1006 2074 .
1029 2038 1229 2085 Capitulum
1249 2039 1468 2075 Sacerdotem
1482 2038 1589 2072 alium

125 2087 233 2133 elegit
250 2114 258 2127 ,
279 2087 339 2134 qui
353 2090 427 2123 vice
443 2086 586 2121 Henrici
603 2085 870 2120 Hebdomadarii
890 2097 1028 2121 munere
1043 2086 1243 2133 fungeretur
1257 2113 1268 2126 ‚
1301 2088 1331 2121 ὅτ
1347 2087 1497 2122 redditus
1522 2083 1588 2118 Be-

126 2133 241 2170 neficii
256 2162 266 2175 ,
293 2134 387 2181 quod
405 2132 579 2168 Heiiricus
595 2131 743 2168 habebat
758 2160 768 2173 ,
790 2131 1054 2179 sequestratione
1070 2133 1219 2169 detinuit
1233 2162 1240 2170 .
1270 2134 1453 2169 Removeri
1469 2133 1589 2179 seque-

125 2180 317 2217 strationem
333 2181 420 2227 petit
450 2181 619 2216 Henricus
634 2181 676 2214 ab
704 2180 978 2216 Eminentiflimis
1008 2182 1189 2221 Patribus,
1213 2180 1432 2228 obtinuitque
1459 2183 1514 2216 die
1532 2180 1588 2213 28.

125 2228 242 2271 mensis
260 2228 467 2277 Septembris
483 2242 567 2264 anno
598 2237 722 2274 1737·=
751 2229 781 2263 δι
799 2228 868 2274 post
882 2228 953 2264 haec
977 2230 1074 2265 causa
1090 2229 1204 2268 siluit;
1230 2228 1282 2264 sed
1300 2229 1446 2264 Henrici
1471 2237 1591 2262 exem-

126 2276 184 2319 plo
195 2276 306 2312 duetus
320 2278 462 2319 joannes
489 2275 643 2320 AEgidius
664 2275 779 2322 Lahay
792 2302 803 2316 ,
837 2276 896 2322 qui
925 2275 1132 2313 Beneficium
1145 2278 1291 2314 erectum
1310 2276 1353 2311 ad
1370 2277 1494 2311 Aliare
1507 2275 1589 2309 San·

127 2323 174 2357 cti
190 2322 324 2363 joannis
345 2324 499 2372 Baptistae
518 2324 714 2363 obtinebat,
737 2324 861 2371 cuique
885 2332 969 2359 onus
993 2326 1155 2361 incumbit
1170 2323 1326 2360 Custodis
1350 2322 1458 2359 Chori
1474 2348 1483 2361 ,
1507 2332 1590 2367 gra-

127 2368 266 2404 viorem
279 2369 446 2419 Capitulo
465 2374 561 2408 litem
588 2371 699 2407 movit
712 2398 723 2408 .
748 2372 833 2408 Duo
850 2371 953 2418 igitur
977 2373 1049 2416 ejus
1065 2373 1190 2420 Capita
1205 2370 1372 2419 proposita
1400 2370 1539 2405 fuerunt
1555 2368 1591 2402 in

127 2417 195 2452 hoc
224 2419 323 2453 Sacro
351 2419 599 2457 Tribunalidi'e
617 2429 674 2465 27.
698 2420 812 2462 mensis
839 2423 945 2464 nJunii
971 2435 1055 2456 anno
1072 2431 1194 2467 1744„
1215 2420 1363 2465 primum
1389 2428 1461 2452 erat
1482 2442 1505 2455 ,ι
1531 2416 1591 2449 ΛΠ

130 2489 155 2504 s,
179 2464 304 2500 Rtetor
319 2465 478 2503 Beneficii
494 2468 594 2503 erecti
618 2466 660 2502 ad
684 2468 804 2502 Altare
822 2466 930 2501 Sanc‘li
948 2467 1082 2509 joannis
1095 2467 1252 2515 Baptista:
1268 2467 1301 2501 in
1315 2464 1509 2510 Collegiata
1522 2461 1591 2496 Ec-

130 2535 154 2552 „
177 2512 275 2547 clelia
292 2514 330 2546 Sa
340 2515 403 2548 neti
424 2515 566 2549 Mai-tini
581 2514 749 2549 Civitatis
767 2514 931 2549 Leodicn.
959 2526 1114 2550 teneatur
1127 2515 1308 2559 adimplere
1332 2524 1451 2547 munus
1465 2509 1589 2545 Custo-

131 2585 157 2601 2.
179 2559 227 2595 dis
239 2560 346 2596 Chori
361 2561 506 2604 ejusdem
523 2561 675 2595 Ecclesia·
694 2561 899 2607 Collegiatx
913 2589 922 2603 ‚
948 2565 978 2597 ὅ(
993 2573 1159 2608 quatenus
1173 2561 1377 2596 affirmative
1390 2587 1397 2595 .
1424 2561 1551 2594 Attea-12
1560 2570 1590 2591 m

131 2632 157 2646 s,
182 2618 278 2644 erat:
306 2611 363 2643 An
378 2610 484 2642 eidem
503 2610 671 2643 debemur
693 2608 858 2644 menstrua
881 2610 1066 2645 retributio
1086 2622 1102 2644 a
1119 2610 1287 2648 Decano,
1307 2609 1337 2643 8<
1354 2605 1522 2653 Capitulo
1535 2604 1592 2638 di*

131 2679 156 2693 ,‚
180 2655 235 2689 Cla:
251 2654 405 2691 Ecclefix
420 2656 621 2702 Collegiattc
636 2683 644 2694 ,
671 2657 701 2689 δὲ
720 2658 755 2690 in
768 2668 832 2702 qua
848 2657 974 2691 summa
987 2676 1016 2682 -·
1032 2657 1210 2705 Respondit
1225 2663 1362 2691 Sacrum
1380 2653 1540 2690 :tribunal
1554 2669 1591 2678 --

132 2727 157 2741 ‚,
187 2701 238 2734 Ad
253 2701 277 2736 l.
295 2703 510 2738 Affirinative
527 2730 536 2743 ‚
563 2706 592 2737 dt
609 2703 751 2748 amplius
765 2729 775 2739 .
802 2706 856 2738 Ad
874 2705 916 2737 ll.
935 2703 1153 2739 Affirinati've
1168 2705 1261 2747 juxta
1273 2700 1543 2739 conventionem
1566 2725 1591 2739 ³,-

133 2748 218 2786 utin
247 2750 400 2792 Thefizur.
421 2753 518 2797 ’Rc-jhs'.
539 2758 611 2786 ,(Ἂιι.
633 2757 788 2796 δοὴςρῡιζζξ.
812 2753 888 2787 lol-
909 2757 1038 2799 Ii'lltlp.
1061 2759 1135 2790 ¹36·
1153 2780 1162 2793 ,
1191 2763 1233 2790 U-
1245 2751 1340 2798 fi'Gsl·

275 2801 436 2833 Tomj‘m
1063 2799 1088 2833 F
1470 2795 1517 2830 1³0
1525 2792 1547 2829 st
