1945 3028
1537 88 1550 112 1

96 152 120 168 ,.
148 129 340 176 affignatis,
363 129 396 163 S<
423 127 484 164 PP.
511 125 631 163 Tertii
655 126 796 164 Ordinis
819 152 830 166 ‚
863 125 1001 172 aliaque
1024 124 1116 160 Loca
1149 122 1212 160 Pia
1243 122 1336 158 dinae
1361 121 1482 159 Terrae
1511 87 1579 170 pig

100 200 122 216 ‚,
150 177 252 212 bonis
277 188 490 223 quocumque
519 175 624 210 titolo
646 175 792 218 quaesitis
816 173 882 210 ΙΙΙ.
907 175 964 209 An
989 172 1235 223 particulares,
1261 172 1318 216 qui
1344 169 1388 205 de
1417 180 1570 216 tempore

100 249 123 263 ‚,
149 226 339 260 concordia·
366 224 462 258 nulla
484 225 573 258 bona
598 221 826 266 possidebant,
851 231 1032 256 teneantur
1060 219 1100 253 ad
1116 219 1322 254 solutionem
1342 217 1567 253 Decimarum

100 295 124 310 ι,
150 272 190 304 ad
216 283 328 306 raxam
351 272 538 306 concordiae
551 281 610 317 pro
626 268 726 303 Bonis
741 270 851 314 postea
880 267 1048 318 quaesitis,
1071 265 1201 302 etiamst
1230 264 1415 311 acquisitio
1431 266 1567 301 nones-

101 344 122 357 „
150 319 198 352 set
229 345 237 357 ,
264 319 323 354 nili
352 320 391 353 de
417 328 486 352 rata
508 326 640 351 tantum
664 317 834 352 bonorum
862 343 872 356 ,
897 318 1004 351 altera
1031 323 1229 350 remanente
1257 323 1357 357 penes
1383 314 1568 360 antiquum

101 390 126 407 ,‚
152 365 364 411 posszssorcm
386 366 495 400 adhuc
518 363 703 399 solventem
722 363 873 400 decimas
899 363 936 398 in
959 362 1081 398 eadem
1104 361 1300 408 quantitate
1328 385 1338 398 ,
1366 365 1409 411 φ
1427 371 1570 412 ,φωτιζ-

102 435 126 458 ,,
153 428 214 448 71221
245 415 447 458 ..ffirnzative
473 414 516 447 ad
535 416 558 445 ἶ.
579 438 588 451 ,
612 415 655 447 &⁶
670 416 728 445 III.
743 437 753 450 ,
779 416 822 449 ώ-
841 413 1006 454 negative
1023 411 1066 446 ad
1078 415 1118 443 II.
1135 413 1178 446 [²5⁹
1195 413 1252 443 IV.
1274 408 1329 458 Au
1355 406 1434 442 ἀιᾶι
1460 417 1570 451 parti-

104 488 128 502 „
152 462 288 495 culares
308 459 427 499 Laici,
451 459 482 493 ὅ(
498 458 720 502 Ecclesiastici
749 459 851 493 etiam
875 457 1087 504 Regulares‚
1110 458 1141 492 3<
1172 455 1262 490 Loca
1290 454 1353 490 Pia
1379 454 1417 490 d.
1445 453 1568 489 Teme

102 535 126 548 ‚,
161 517 341 544 teneantur
368 507 523 542 Parocho
558 508 597 541 ad
620 505 823 541 solutionem
848 506 1074 542 Decimarum
1110 502 1361 550 praeteritarum
1391 529 1401 542 ,
1440 502 1471 536 &
1500 512 1569 536 non

102 581 128 598 ,‚
154 555 340 590 folmarum
361 565 379 588 a
407 554 465 589 dic
482 552 650 588 Rectoriae
671 553 821 588 moderni
846 551 1151 599 Archinresbyteri
1166 577 1176 590 ,
1201 549 1259 585 vel
1288 549 1404 595 potius
1425 560 1443 583 a
1464 549 1556 585 die-a

103 627 127 644 ,‚
152 601 342 637 concordie
368 601 401 636 in
427 600 504 636 casu
530 601 595 635 ὅτε.
613 626 636 641 ‚‚
656 600 768 638 Causa
789 611 832 634 ea
851 599 908 639 die
921 599 1060 635 definita
1073 611 1140 634 non
1157 597 1223 635 fuit
1239 625 1249 638 ,
1277 596 1328 630 sed
1355 600 1390 632 in
1401 597 1563 643 sequenti

102 653 134 684 ti
156 652 420 695 (“o›,gregatione
434 648 550 682 habita
572 659 638 682 non
659 651 713 684 dle
740 652 772 682 8.
797 657 834 683 ut
855 648 901 682 est
920 653 955 683 in
965 649 1052 692 fblc'o
1072 645 1224 695 impreffo
1238 670 1249 684 ‚
1273 643 1330 678 sed
1355 645 1408 679 die
1423 654 1473 684 15.
1490 646 1560 687 7:1-

102 697 166 742 lij;
194 695 458 741 Rosponditque
481 697 620 730 Sacrum
636 695 840 735 Tribunal„
866 696 918 730 Ad
934 694 961 730 I.
991 694 1176 741 negative.
1198 692 1258 729 Ad
1287 691 1332 726 ll.
1361 693 1562 737 negativa·

102 767 127 783 „
152 743 264 790 quoad
286 743 445 778 Clericos
461 770 472 783 ‚
495 742 577 777 &in
594 742 733 790 reliquis
754 744 907 779 videatur
930 742 1188 784 particulariter
1204 765 1212 774 .
1239 740 1301 791 Ad·
1324 736 1386 773 111.
1411 738 1566 790 affirma-

104 817 128 832 „
155 790 232 826 tive
258 792 298 824 ad
323 791 462 826 formam
486 789 695 826 concordie.
721 791 776 825 Ad
803 790 865 825 IV.
892 790 1094 825 affirmative
1119 790 1214 832 juxta
1242 787 1392 822 resoluta
1418 797 1452 820 in
1480 796 1566 831 prx-

103 864 128 879 „
153 837 356 873 cedentibus
374 848 432 883 pro
455 849 547 872 nunc
562 849 580 872 a
599 838 653 872 dic
678 847 777 873 mota:
800 837 909 877 litis„
937 838 1000 874 Hae
1024 836 1244 873 definitiones
1267 834 1307 870 ad
1331 845 1461 870 novum
1490 843 1579 869 exa·

104 898 183 920 men
211 895 447 924 revocantur,
474 884 600 919 &ideo
623 884 900 930 respondendum
925 886 972 920 est
990 913 997 921 .

61 940 119 970 An
142 933 365 978 sit-standum
394 933 454 969 vel
481 935 700 971 recedendum
719 945 740 967 a
768 932 880 970 decisic
901 936 937 971 in
965 935 1042 980 casu
1072 936 1150 970 &c-

241 1044 475 1111 Reliquae
495 1060 602 1096 non
633 1044 917 1113 propofitae
939 1083 952 1095 .

66 1172 161 1255 V
188 1169 575 1208 ALLISOLETANA
606 1171 964 1209 CAPPELLANJAE
987 1184 996 1204 ε
1037 1170 1085 1205 Vt
1111 1172 1180 1218 imp
1196 1172 1345 1206 letentur
1380 1172 1577 1207 voluntates
1635 1157 1862 1203 Seff²¹·⁶·⁸⁴

204 1219 351 1253 Antonii
375 1218 414 1253 de
432 1219 547 1258 lsaba,
571 1221 605 1255 3<
621 1220 864 1264 Christophori
881 1219 941 1253 Ma
964 1218 1053 1253 tinez
1069 1245 1077 1256 ,
1109 1231 1259 1265 quorum
1282 1228 1429 1265 uterque
1447 1218 1579 1265 primis,
1612 1210 1651 1243 de
1678 1205 1743 1247 ref·

113 1265 332 1310 secundisque
346 1267 474 1311 nuptiis
489 1268 544 1301 vir
559 1267 666 1301 fuerat
682 1270 792 1303 Annffe
808 1267 928 1302 Mariae
958 1266 1143 1301 Sarmiento
1158 1294 1167 1306 ,
1196 1267 1324 1312 quique
1353 1266 1456 1301 Sacra
1484 1276 1580 1310 qux-

112 1314 188 1347 dam
217 1321 378 1357 perpetua
406 1314 459 1359 agi
486 1312 669 1355 jusserant,
694 1316 811 1348 eadem
837 1315 937 1348 Anna
967 1313 1079 1348 Maria
1107 1312 1380 1349 Ecclesiasticam
1417 1312 1581 1348 fundavit

111 1359 376 1406 Capfwellaniam
391 1386 400 1400 ,
426 1361 522 1403 cujus
538 1360 684 1405 primum
709 1362 899 1396 nominavit
919 1361 1171 1406 Cappellanum
1193 1361 1412 1396 Sacerdotem
1436 1359 1583 1396 Bernar-

111 1407 191 1441 dum
212 1406 341 1449 Vedoja
357 1433 366 1445 ‚
391 1408 444 1442 cui
458 1420 561 1442 onera
576 1408 729 1451 injunxit
753 1420 772 1442 a
804 1409 894 1442 Viris
909 1410 1044 1444 remla.
1079 1407 1214 1443 Placuit
1233 1409 1309 1443 inde
1332 1411 1442 1444 Annae
1460 1408 1581 1442 Mariae

110 1453 332 1501 pinguiorem
359 1453 468 1489 facere
493 1458 640 1490 eamdem
665 1454 940 1502 Cappellaniam
965 1482 975 1496 ,
1015 1456 1046 1490 &
1071 1466 1150 1490 cum
1173 1455 1261 1491 nihil
1287 1456 1386 1492 aliud
1415 1454 1582 1494 haberet,

111 1513 214 1548 quam
245 1500 380 1535 censum
402 1514 539 1537 centum
567 1502 714 1538 millium
739 1503 920 1548 Regulum
951 1505 988 1537 de
1017 1502 1141 1538 Vellon
1169 1531 1177 1543 ,
1213 1503 1394 1539 dimidiatn
1444 1513 1576 1550 partem

110 1547 261 1591 ejusdem
275 1548 413 1589 census,
436 1550 513 1585 aliis
533 1550 660 1586 additis
672 1551 831 1586 oneribus
848 1575 858 1589 ‚
883 1551 975 1586 ceiiit
994 1549 1163 1586 Bernardo
1186 1549 1428 1595 cappellano.
1457 1549 1582 1585 Muta-

113 1597 167 1631 vit
189 1597 266 1630 inde
280 1596 376 1631 varia
400 1597 550 1643 semper,
571 1599 601 1632 &
625 1597 813 1641 inconstans
830 1597 981 1633 Foeinina
995 1597 1198 1632 sententiam
1212 1625 1220 1639 ,
1234 1601 1264 1632 ἐς(
1280 1608 1456 1638 revocata,
1477 1607 1579 1644 quam

116 1644 265 1682 fecerat,
293 1643 491 1680 fundatione
509 1669 520 1682 2
543 1645 646 1680 aliam
660 1644 817 1680 fumavit
833 1646 1114 1691 Cappellaniam,
1136 1646 1191 1682 cui
1209 1645 1297 1681 datis
1318 1647 1486 1682 oneribus
1511 1657 1577 1680 ve-

115 1691 182 1726 teri
210 1690 398 1732 adiunffis,
425 1692 593 1740 novisque
607 1693 784 1739 assignavit
800 1694 967 1739 integrum
977 1693 1114 1727 censum
1135 1702 1275 1728 centum
1299 1695 1374 1729 milr
1392 1692 1557 1740 regalium
1571 1719 1580 1728 .

116 1741 228 1774 Novx
246 1739 583 1786 hujusCappellanix
603 1740 748 1784 primum
766 1739 1432 1785 nominavitCappellanumFranciscum
1447 1740 1587 1775 aSanCta

116 1786 226 1821 Clara
249 1788 340 1823 Diez
356 1812 365 1824 ‚
392 1788 423 1823 &
438 1788 507 1834 post
522 1791 596 1832 ejus
617 1788 749 1824 obitum
770 1788 859 1823 filios
875 1815 885 1828 ,
909 1799 948 1824 ac
962 1787 1199 1823 descendentes
1222 1788 1267 1822 ab
1293 1787 1480 1825 Emanuele
1508 1787 1585 1823 ‹ie-³

117 1834 274 1869 Villalba
299 1836 456 1881 Cognato
474 1835 683 1882 Cappellani
707 1834 879 1871 Francisci
899 1860 909 1874 ‚
930 1837 960 1870 &
977 1836 1055 1881 quia
1081 1836 1246 1881 assignato
1273 1835 1511 1883 Cappellaniae
1533 1834 1584 1869 in·

117 1890 215 1926 tegro
228 1883 326 1917 censu
343 1883 430 1918 nihil
447 1883 616 1929 supererat
636 1885 737 1918 ‚unde
761 1884 892 1918 viveret
912 1908 920 1917 ‚
946 1883 1114 1916 convenit
1127 1883 1217 1915 clam
1233 1893 1310 1930 cum
1327 1882 1548 1917 Eananuelss,
1570 1906 1581 1920 ‚

114 1938 152 1964 ut
171 1928 236 1973 ipsa
264 1928 385 1965 fructus
400 1930 551 1976 integros
564 1930 712 1973 ejusdem
739 1929 855 1963 census
881 1929 1073 1972 perciperet
1095 1951 1105 1964 ,
1137 1936 1406 1962 conventionem
1427 1928 1585 1973 ignoran-

116 1985 152 2010 te
167 1976 348 2013 Francisco
361 1977 601 2022 Cappellano,
621 1976 678 2022 qui
704 1973 876 2021 postquam
899 1973 1003 2006 titulo
1030 1972 1131 2013 hujus
1150 1971 1388 2022 Cappellaniae
1406 1975 1449 2009 ad
1465 1975 1588 2010 Sacros

116 2023 266 2059 Ordines
294 2033 470 2069 promotus
496 2023 582 2062 fuit,
609 2022 742 2057 audivit
758 2021 895 2068 quidem
913 2019 1104 2054 reservatos
1119 2017 1216 2052 fuiffe
1231 2019 1291 2054 hos
1316 2020 1441 2056 fructus
1479 2023 1589 2057 Anna:

117 2070 243 2106 Mariae
260 2098 268 2112 ‚
293 2072 348 2106 sed
374 2082 438 2105 non
465 2068 643 2117 quaefivit,
666 2081 709 2104 an
732 2068 848 2104 hocin
868 2067 944 2114 ipso
973 2065 1184 2116 fundationis
1212 2065 1440 2103 Instrumento
1470 2068 1551 2103 esset
1581 2095 1592 2109 ‚

118 2130 160 2154 an
185 2119 257 2154 alio
275 2119 396 2160 modo,
427 2117 534 2152 immo
558 2117 731 2152 habitavit
751 2127 827 2151 cum
849 2117 951 2150 Anna
964 2113 1099 2152 Maria,
1121 2117 1159 2149 ad
1176 2115 1316 2151 eandem
1330 2115 1415 2151 sedit
1434 2117 1585 2155 mensam

121 2166 152 2198 ἂ
170 2166 300 2201 mutuis
324 2165 514 2202 redditibus
536 2165 601 2200 sese
626 2164 777 2200 invicem
791 2163 976 2198 aluerunt.
1604 2194 1608 2198 ,

75 2213 228 2249 Sacerdos
258 2212 484 2248 Bernaidinus
510 2212 640 2254 Vedoja
654 2238 663 2252 ‚
688 2211 743 2258 qui
769 2212 910 2256 primam
927 2208 1124 2245 obtinuerat
1139 2211 1411 2261 Cappellaniam
1427 2238 1436 2251 ‚
1458 2215 1589 2249 aunam

123 2259 199 2296 inde
219 2261 359 2296 dimidia
387 2270 481 2306 parte
506 2259 635 2295 Census
657 2268 797 2295 centum
820 2256 970 2293 millium
997 2258 1181 2305 Regalium
1207 2289 1216 2302 ‚
1255 2270 1417 2304 reputans
1453 2263 1591 2296 nullam

123 2305 188 2342 effe
214 2308 354 2343 alterius
380 2307 608 2353 Cappellaniae
630 2307 882 2342 Fundationem
905 2306 978 2352 egit
1005 2307 1039 2341 in
1062 2306 1196 2347 Judicio
1224 2318 1342 2343 contra
1369 2309 1590 2344 secundum-³

123 2354 378 2398 Cappellanum
406 2354 617 2391 Franciscuin
635 2366 653 2389 a
667 2355 786 2389 Sanua
805 2353 912 2389 Clara
930 2353 1023 2388 Diez
1036 2365 1152 2390 coram
1164 2355 1306 2391 Vicario
1320 2354 1485 2391 Generali
1504 2356 1590 2390 Val-

125 2401 332 2444 lisoletano,
357 2405 388 2438 &
411 2402 512 2445 hujus
527 2401 600 2438 litis
620 2401 796 2437 occasione
812 2411 985 2447 comperta
1010 2401 1076 2437 fuit
1098 2403 1285 2438 conventio
1303 2403 1406 2439 tacite
1424 2403 1514 2438 inita
1535 2404 1588 2438 in-

123 2457 178 2484 ter
201 2450 337 2484 Annam
357 2450 527 2490 Mariam,
552 2450 583 2485 δι
605 2449 827 2485 Emanuelem
843 2449 884 2483 de
900 2448 1056 2484 Villalba
1071 2478 1078 2485 .
1109 2450 1240 2486 Placuit
1264 2450 1407 2485 Vicario
1432 2451 1588 2486 Genera-

125 2496 151 2531 li
169 2496 374 2531 sententiam
403 2497 487 2532 ferre
512 2525 522 2538 ,
546 2509 611 2545 qua
634 2496 822 2534 declaravit
848 2507 1026 2542 utramque
1041 2497 1275 2534 fundationem
1296 2496 1360 2532 esse
1373 2497 1586 2539 servandam.

125 2544 156 2579 δι
184 2554 345 2589 reputans
366 2552 435 2581 tam
460 2544 703 2586 manuelem,
727 2557 828 2592 quam
857 2545 1068 2580 franciscum
1094 2546 1127 2580 in
1157 2545 1304 2581 fimoniae
1329 2555 1507 2591 peccatum
1520 2557 1585 2581 ce-

123 2590 237 2627 cidisse
255 2617 262 2628 .
287 2591 508 2628 emanuelem
536 2594 713 2629 damnavit
739 2593 864 2629 mulcta
889 2603 943 2629 20.
961 2593 1177 2629 Ducatorum
1202 2594 1242 2628 de
1262 2592 1409 2634 Vellon,
1439 2593 1586 2629 Franci·

124 2637 217 2672 scum
234 2639 345 2673 voluit
363 2639 550 2685 suspensum
563 2653 638 2677 cum
661 2653 677 2676 a
702 2641 803 2677 sacris
824 2640 965 2687 agendis
980 2667 990 2681 ‚
1020 2649 1090 2674 tum
1108 2653 1125 2675 a
1141 2641 1393 2687 perceptionem
1417 2641 1586 2678 frustuum

123 2685 384 2730 cappellaniae‚
409 2687 520 2722 donec
543 2689 828 2733 dispensationem
852 2700 919 2724 non
943 2687 1153 2734 impetrasset
1179 2701 1196 2724 a
1219 2689 1451 2730 Sanuiffimo,
1480 2699 1518 2725 ut
1544 2688 1585 2722 il-

125 2733 192 2768 lam
213 2732 407 2770 retineret.
433 2734 553 2772 Preces
580 2737 711 2773 obtulit
723 2737 924 2777 Franciscus
951 2737 1177 2775 Sacratilstmo
1199 2737 1377 2787 Principi,
1404 2751 1421 2774 a
1447 2748 1515 2782 quo
1527 2734 1585 2772 da-

267 2786 480 2821 T0m.me.
954 2782 987 2820 c
1415 2794 1449 2822 ta
1474 2783 1538 2823 fuit
