1945 3028
42 176 65 192 „
90 160 109 184 e
123 151 198 187 cosa
218 154 281 190 che
297 166 364 191 non
382 156 507 194 voleffe
521 158 699 200 Clerieare
713 189 724 205 ,
748 166 902 203 debbuno
915 170 1089 206 nominare
1103 197 1114 213 ,
1138 184 1158 208 e
1173 174 1366 220 presentare
1385 175 1509 213 l’altro
1525 141 1587 221 ,²3

41 230 66 245 υ
91 198 172 235 altri
197 203 459 247 gradatamente
475 235 486 248 ‚
511 209 685 260 nolendo,
710 212 773 249 che
787 214 809 249 fi
832 215 968 260 possano
984 218 1184 265 presentare
1211 226 1319 260 anche
1336 226 1386 273 gl³
1402 224 1525 261 infanti
1545 228 1580 261 d’

40 277 66 294 2,
93 249 148 284 eth
169 260 372 305 approvata·
386 255 427 290 da
439 256 534 302 Sagn
547 256 707 299 canoni,
730 264 871 308 quando
893 277 961 300 non
986 266 1023 303 vi
1043 265 1162 304 suffero
1185 270 1266 306 altri
1292 273 1351 317 piu
1375 272 1462 309 abili
1480 300 1491 314 ‚
1514 275 1579 311 che

43 326 70 340 „
94 296 258 334 voleffero
280 299 453 338 Clerlcare
468 329 476 337 .

43 348 176 395 Qarta
196 346 267 393 egit
281 348 319 382 de
334 352 497 385 oneribus
509 350 803 400 Cappellanorum
816 383 840 398 ,,
863 370 933 395 con
945 359 1200 399 dichiarazione
1215 392 1226 406 ,
1251 367 1314 402 che
1327 376 1425 403 tanto
1442 369 1479 404 D
1503 370 1579 405 Ste-

38 423 64 440 υ
90 394 191 443 sane.
216 406 345 442 quanto
357 399 462 449 alt-ri,
487 397 550 434 che
574 401 596 435 fi
622 403 864 448 presentassero
876 409 961 454 dopo
976 409 1006 444 la
1031 409 1065 444 di
1084 409 1132 445 lui
1157 423 1265 448 morte
1280 417 1349 451 nati
1369 419 1451 461 pero
1464 417 1502 451 di
1528 418 1575 452 le-

38 470 63 488 „
86 442 206 489 gitimo
232 445 433 488 patrimonio
456 447 586 488 poffino
608 462 665 496 per
689 451 721 486 se
736 451 840 493 steni,
865 466 886 489 0
901 467 960 497 per
983 457 1063 492 altri
1081 458 1257 496 celebrare
1275 489 1284 503 ‚
1311 475 1332 498 o
1356 463 1575 500 farcclebra·

35 520 61 538 ⁸»
86 501 123 525 re
141 489 175 524 le
197 491 255 536 qui
269 490 475 528 sottonotate
499 494 605 531 Meffe
618 509 680 533 con
695 500 947 538 dichiarazione
962 529 972 542 ,
996 505 1060 539 che
1074 517 1141 541 non
1166 506 1257 544 siano
1282 511 1432 558 obligati
1448 523 1465 546 a
1486 512 1574 548 reci·

34 567 59 585 ‚,
85 545 156 572 tare
171 537 195 572 1³
209 537 333 574 Officio
357 542 491 577 Divino
509 569 519 583 ,
543 544 576 583 se
591 555 658 580 non
679 548 816 595 quando
841 552 1074 588 toccheranno
1089 553 1114 588 1²
1136 566 1226 591 anno
1241 558 1405 603 vigesimo
1419 560 1500 594 dell²
1514 559 1571 596 eti

36 616 61 633 υ
87 586 187 620 loro:
211 590 343 634 Qintff
362 614 372 628 ‚
399 592 433 625 in
456 601 523 636 qua
545 592 589 634 est
613 597 718 629 nodus
743 597 845 640 hujus
871 601 998 643 Claſse,
1015 602 1112 644 fxit:
1138 614 1156 636 e
1171 607 1304 649 quando
1330 605 1515 643 succedeffe
1544 607 1570 643 il

34 664 60 680 ,‚
85 631 184 673 caso,
210 635 272 670 che
285 634 417 670 restasse
431 648 477 671 un
500 637 576 674 solo
589 640 679 676 della
692 640 751 678 sua
773 643 1000 682 discendenza
1020 674 1029 687 ,
1055 661 1077 685 o
1090 648 1152 685 che
1166 662 1253 688 anco
1272 653 1307 688 vi
1333 654 1505 690 restaffero
1520 654 1573 688 al-

33 712 59 729 „
85 679 153 718 tri,
178 680 242 716 che
258 694 324 718 non
339 683 506 720 voleffero
521 685 716 730 clericare,
741 692 848 728 vuole
864 693 927 729 che
948 696 1089 740 quello,
1115 697 1140 732 il
1153 701 1256 744 quole
1278 700 1408 737 restaffe
1424 703 1496 736 solo
1514 728 1524 741 ,
1549 712 1571 735 ο

32 759 57 776 ⁹,
83 728 192 774 quelli
215 731 277 765 che
290 743 360 766 non
376 731 544 768 voleffero
566 734 746 772 Clericare
763 764 773 778 ‚
798 740 923 787 godino
941 741 965 776 l’
979 753 1113 780 entrare
1135 748 1175 781 de
1199 747 1386 794 sopradetti
1405 750 1486 784 Beni
1502 760 1572 784 con

33 807 58 823 ‚,
84 775 135 811 sar
155 777 329 813 celebrare
352 779 385 814 le
402 779 508 831 Messe
532 783 572 817 da
598 795 641 819 un
671 784 890 834 cappellano
915 792 1110 828 amovibite
1134 793 1177 828 ad
1203 804 1323 831 nutum
1339 798 1381 832 da
1406 795 1570 843 eleggerfi

31 854 56 870 ‚‚
81 823 121 859 da
143 824 216 862 suoi
242 823 316 872 figli
336 853 347 867 ,
372 839 391 861 e
416 827 654 872 discendenti,
680 844 745 868 eon
770 835 800 870 la
817 837 1035 883 provisione,
1061 852 1080 875 e
1098 842 1204 877 caritzl
1230 843 1262 878 di
1287 856 1332 880 un
1360 846 1490 892 pavolo
1509 854 1569 889 pet

31 903 56 918 n
80 871 188 909 Meffa
209 898 221 909 .
245 899 268 913 ‚‚
294 874 400 910 Sexta
420 874 570 923 denique
592 881 786 924 explicavit
811 888 1043 929 quantitatem
1070 890 1250 925 Sacrorum
1267 919 1276 931 ‚
1302 893 1335 927 &
1364 892 1570 927 officiorum

78 921 318 966 agendorum,
341 933 380 957 ac
404 923 520 959 locum
534 952 544 965 ‚
570 937 644 972 quae
660 954 671 968 ‚
697 940 776 964 eum
797 934 836 966 ad
856 943 929 968 rem
955 935 1155 979 praesentem
1177 949 1247 972 non
1270 940 1465 984 pertineant
1480 967 1490 981 ,
1515 950 1570 972 re-

75 967 164 1003 ferre
186 969 378 1007 omittimus
394 995 405 1005 .
429 972 558 1008 Omnes
576 973 635 1009 has
652 975 770 1023 leges,
797 979 829 1013 &
851 980 1068 1018 conditiones
1087 984 1249 1029 probavit
1275 986 1459 1035 Episcopus
1473 1011 1484 1026 ,
1507 986 1570 1021 ad·

74 1016 160 1060 jecta
172 1016 308 1052 decreto
328 1017 428 1054 solita
442 1019 593 1056 clausula
606 1035 616 1055 ε
642 1035 812 1071 quatenns
826 1032 942 1063 Sacris
959 1032 1165 1070 canonibus,
1190 1038 1234 1070 (9-
1260 1035 1469 1082 ⁸Apostolz'cis
1492 1041 1572 1069 Con·

67 1064 312 1106 stitutionibus
335 1079 398 1102 non
425 1068 652 1112 adversentur
668 1098 678 1111 ‚
704 1072 970 1119 cappellaniam
995 1077 1121 1123 praevia
1143 1078 1235 1115 dotis
1259 1082 1481 1128 aflignatione
1501 1081 1570 1115 ob-

74 1111 182 1147 tinuit
201 1112 393 1160 Stephanus
406 1114 535 1159 primus
560 1118 803 1163 praesentatus,
829 1133 872 1157 eo
900 1135 941 1157 ue
965 1127 1147 1166 defuneto,
1173 1139 1249 1163 cum
1273 1130 1361 1164 nulli
1376 1129 1436 1165 alli
1464 1127 1569 1164 essent

73 1159 312 1196 descendentes
333 1173 352 1195 a
375 1159 557 1199 Testatore
579 1192 590 1205 ,
618 1165 680 1201 nisi
699 1167 849 1209 eiusdem
902 1170 946 1206 lia
971 1171 1124 1209 Barbara
1140 1184 1244 1219 nupta
1272 1176 1433 1223 Philippo
1460 1177 1569 1210 hora-

72 1205 192 1248 stieri,
218 1208 428 1255 presentatus
442 1209 488 1244 ab
510 1222 550 1245 ea
574 1212 639 1248 fuit
664 1211 757 1250 filius
770 1216 972 1254 Franciscus
998 1221 1112 1256 Maria
1132 1222 1310 1258 forassieri
1325 1251 1334 1263 ,
1359 1226 1416 1270 qui
1433 1223 1568 1258 institu-

74 1255 207 1290 tionem
220 1256 376 1292 obtinuit
401 1259 442 1292 ab
469 1257 660 1305 Episcopo:
685 1262 829 1298 Dimisit
852 1266 1052 1304 Franciscus
1078 1268 1189 1304 Maria
1216 1270 1507 1318 Cappessaniam,
1532 1271 1568 1305 δε

73 1300 223 1338 Barbara
245 1313 353 1339 mater
365 1303 586 1349 praesentavit
610 1308 757 1344 alterum
772 1310 882 1347 filium
905 1324 990 1351 natu
1004 1316 1170 1352 minorem
1188 1316 1331 1354 Laelium
1356 1319 1539 1354 Forastieri
1555 1343 1567 1358 ,

72 1349 131 1397 qui
153 1350 283 1398 pariter
303 1351 349 1387 ab
370 1352 537 1399 Episcopo
552 1354 724 1392 institutus
740 1355 805 1393 fuit
820 1382 832 1393 .

22 1397 149 1437 Laelius
172 1398 252 1439 hic,
276 1408 409 1435 mutata
433 1411 524 1436 nunc
546 1403 740 1444 sententia,
766 1404 939 1442 clericali
964 1409 1090 1449 Veste,
1116 1409 1345 1460 Tonsuraque
1370 1412 1499 1449 dimissa
1522 1412 1566 1449 ad

69 1447 192 1483 statum
205 1445 391 1483 Laicorum
411 1449 571 1484 reversus
584 1449 653 1492 est,
678 1453 927 1501 contenditque
944 1456 1043 1498 juxta
1056 1457 1213 1504 quintam
1229 1461 1339 1506 legem
1354 1488 1364 1501 ,
1390 1463 1421 1496 ἃ
1440 1461 1565 1497 condi-

69 1495 205 1530 tionem
229 1505 248 1529 a
270 1494 470 1531 Fundatore
488 1497 651 1539 adjectam
674 1525 685 1539 ,
711 1500 743 1534 ὅ(
771 1501 816 1536 ab
843 1502 1012 1550 Episcopo
1028 1506 1205 1552 probatam
1234 1507 1358 1544 fruetus
1387 1508 1564 1544 Bonorum

68 1541 306 1589 cappellaniae
323 1543 496 1589 percipere
511 1570 522 1585 ,
547 1546 582 1583 &
600 1546 642 1581 ad
659 1548 773 1583 Horas
786 1549 984 1588 Canonicas
1007 1564 1073 1587 non
1097 1555 1207 1590 teneri
1224 1582 1233 1596 ‚
1261 1555 1342 1591 licet
1360 1556 1485 1604 viginti
1500 1568 1563 1590 an-

68 1600 191 1626 norum
212 1598 349 1626 aetatem
365 1590 563 1632 excesserit,
590 1606 670 1631 eum
685 1596 776 1631 nulli
790 1597 851 1632 alli
867 1596 932 1633 {int
946 1612 964 1635 a
981 1600 1181 1636 Fundatore
1197 1602 1434 1639 descendentes
1450 1631 1460 1643 ,
1485 1615 1565 1639 cum

65 1637 267 1673 Franciscus
290 1647 371 1673 natu
391 1640 502 1682 major
522 1640 790 1690 Cappellaniam
814 1645 987 1683 dimiserit
1013 1675 1024 1688 ,
1061 1649 1095 1683 8<
1122 1651 1238 1685 nullus
1254 1651 1422 1686 Clericari
1446 1651 1535 1686 velit
1552 1675 1563 1688 .

67 1684 216 1721 ssarbara
238 1684 336 1721 Laelii
349 1695 460 1723 mater
473 1713 482 1728 ς
510 1697 547 1723 ut
563 1690 628 1726 suae
642 1713 652 1727 ,
678 1691 812 1737 filiique
827 1692 1047 1732 conscientiae
1062 1696 1278 1740 consuleret,
1304 1700 1433 1734 oblatis
1449 1699 1564 1743 preci-

66 1732 129 1768 bus
144 1733 248 1769 Sacro
262 1734 344 1770 huic
365 1734 554 1772 Tribunali
576 1739 700 1773 horum
723 1740 905 1776 dubiorum
921 1742 1162 1780 definitionem
1187 1746 1375 1792 postulavit
1391 1774 1399 1782 .
1427 1746 1564 1782 Audito

66 1779 256 1828 Episcopo,
281 1781 384 1818 dubia
401 1794 491 1819 nunc
516 1796 757 1831 proponuntur
773 1813 783 1826 ,
810 1789 841 1823 δι
864 1789 1019 1835 disputat
1044 1791 1172 1828 Laelius
1197 1805 1271 1829 rem
1296 1793 1362 1829 esse
1383 1796 1423 1829 de
1452 1793 1566 1828 Bene-

66 1825 154 1863 ficio
167 1831 277 1864 mixto
291 1854 301 1868 ‚
327 1829 458 1865 licitam
479 1832 544 1867 ess'e
559 1834 804 1870 conditionem
822 1835 920 1871 illam
948 1842 1106 1884 quintam
1121 1853 1139 1874 a
1154 1841 1355 1877 fundatore
1371 1842 1537 1884 adieetam
1553 1867 1564 1881 ,

68 1885 149 1911 cum
168 1874 331 1911 Beneficii
352 1877 576 1915 Ecclesiastici
591 1881 743 1916 redditus
763 1884 894 1927 percipi
913 1885 1031 1926 poffint
1047 1897 1065 1918 a
1094 1884 1198 1922 Laico
1214 1913 1223 1926 ,
1249 1900 1316 1922 non
1334 1889 1405 1930 jure
1425 1913 1436 1927 ‚
1459 1889 1491 1922 &
1514 1889 1564 1922 ti-

69 1923 146 1959 tulo
162 1921 350 1964 Beneficii,
376 1925 464 1971 quo-l
481 1927 641 1973 equidem
664 1930 803 1964 vecavit
820 1929 1008 1966 dimifflone
1036 1930 1201 1973 vestsum,
1228 1936 1258 1970 &
1285 1935 1450 1971 Tonsurae
1473 1933 1563 1969 Cle-

70 1970 188 2006 ricalis
209 1970 329 2006 factaa
355 1971 486 2015 Lelio,
513 1974 571 2010 sed
598 1974 676 2016 Jure
691 2002 702 2016 ,
728 1976 759 2010 <St
781 1976 886 2011 titulo
910 1978 1066 2015 saeculari
1087 1980 1397 2018 administrationis
1421 2009 1431 2022 ,
1457 1983 1565 2018 donec

71 2017 190 2064 aliquis
210 2019 328 2056 veniat
346 2045 357 2059 ,
384 2021 442 2069 qui
469 2032 574 2067 capax
599 2021 639 2057 sit
669 2030 789 2060 Lottcr
802 2026 842 2060 de
869 2038 905 2061 re
923 2027 1114 2070 Benefilib.
1137 2040 1164 2063 ι.
1179 2030 1291 2076 quaest.
1321 2040 1370 2071 32.
1389 2044 1481 2068 num.
1505 2040 1564 2076 35.

74 2069 182 2102 Graz.
203 2068 244 2102 de
261 2067 466 2117 Renes-par.
491 2082 522 2105 1.
535 2077 608 2118 cap.
628 2079 661 2105 2.
679 2083 771 2106 num.
791 2081 844 2111 30-
863 2075 991 2110 corral.
1007 2077 1041 2111 in
1061 2081 1174 2112 Prax.
1189 2077 1331 2125 dispens}
1345 2078 1407 2114 lib.
1422 2090 1457 2123 4.
1473 2090 1563 2113 num·

76 2119 130 2157 27.
152 2114 317 2161 Alpheus.
335 2117 374 2151 de
389 2122 457 2153 Leo
474 2120 514 2154 de
541 2118 598 2164 off·
617 2119 767 2166 C⁷ppell,
796 2119 911 2165 quaest.
925 2130 1049 2167 4.par.
1067 2124 1101 2157 6.
1127 2135 1218 2158 num.
1237 2136 1268 2165 ς.
1282 2152 1292 2164 ,
1320 2126 1350 2160 δι
1369 2126 1468 2161 Sacra
1493 2125 1564 2176 hece

74 2156 150 2192 Con
173 2161 306 2206 regatio
320 2161 355 2198 in
376 2170 572 2201 Dertonea.
590 2175 602 2199 r
615 2175 642 2205 ς.
659 2165 811 2211 Augusti
827 2175 926 2209 ¹730·
942 2169 1047 2214 Quod
1061 2168 1084 2204 fi
1105 2169 1205 2206 licita
1221 2172 1291 2208 haec
1304 2173 1460 2208 conditio
1475 2171 1539 2207 fu1t
1552 2198 1563 2213 ‚

74 2203 143 2253 obe
171 2207 386 2245 eclausulam
401 2212 443 2246 ab
455 2211 622 2258 Episcopo
637 2213 800 2255 adjectam
816 2239 826 2252 ‚
851 2224 1023 2260 qnatenus
1041 2222 1158 2254 Sacris
1174 2221 1361 2255 canonibus
1375 2246 1385 2260 ‚
1412 2229 1455 2258 (9⁹
1470 2228 1564 2272 „qu-

70 2253 201 2297 stolicis
224 2257 527 2298 constitutionibus
547 2273 610 2296 non
627 2261 880 2301 adversentur:
905 2262 1063 2309 disputat
1085 2266 1192 2300 etiam
1210 2272 1249 2302 ad
1268 2269 1377 2304 Horas
1403 2268 1565 2302 Canoni-

75 2311 131 2337 ces
144 2309 212 2335 non
223 2305 330 2343 teneri
342 2331 354 2348 ,
365 2306 446 2354 quia
459 2307 524 2342 hoc
537 2318 622 2343 onus
638 2305 817 2344 Beneficiis
832 2306 1077 2348 Ecclefiasticis
1090 2339 1099 2353 ,
1115 2325 1186 2349 non
1204 2313 1410 2361 simplicibus
1423 2315 1568 2360 Legatis·

77 2345 150 2384 Piis
172 2346 386 2396 injungitur,
413 2355 444 2390 &
462 2354 550 2390 illud
568 2354 730 2391 fundator
756 2358 832 2392 dare
855 2357 968 2394 voluit
985 2359 1050 2398 iis,
1075 2361 1133 2407 qui
1159 2362 1212 2397 uti
1230 2363 1386 2402 Clerici,
1412 2363 1443 2396 8<
1467 2363 1566 2411 Cap-

75 2394 205 2442 pellani
229 2392 437 2437 Beneficium
459 2401 680 2443 obtinerent,
705 2415 772 2439 non
790 2404 856 2443 iis,
883 2406 1008 2449 quinti
1025 2407 1193 2449 Patroni,
1220 2411 1252 2445 δι
1267 2410 1413 2445 haeredes
1430 2409 1564 2493 sanffm-

77 2444 132 2478 nis
153 2441 303 2478 redditus
323 2447 559 2492 perciperent,
586 2448 609 2483 fi
627 2450 761 2486 Clerici
785 2450 851 2486 esse
865 2453 1024 2492 nollent,
1050 2456 1081 2489 &
1099 2456 1217 2492 nullus
1232 2456 1322 2492 alius
1335 2469 1442 2504 capax
1457 2468 1474 2491 e
1504 2466 1538 2491 et
1556 2469 1566 2491 z

80 2491 161 2526 Hec
185 2489 312 2526 summa
335 2494 382 2529 est
396 2497 563 2533 rationum
577 2496 758 2539 Barbarae,
784 2500 816 2534 δι
838 2498 937 2534 Laelii
953 2527 962 2536 .
988 2501 1109 2538 Dubia
1122 2503 1200 2539 sunt
1215 2533 1223 2541 .

32 2539 60 2577 1.
84 2545 143 2574 An
156 2539 282 2576 crestio
296 2543 604 2591 “jurispatronatus
630 2570 641 2586 ,
666 2549 704 2583 de
720 2559 786 2594 quo
804 2550 925 2594 agitur
941 2575 952 2589 ‚
970 2548 1016 2591 sit
1036 2562 1159 2586 verum
1182 2550 1383 2594 Beneficium
1397 2577 1407 2591 2
1433 2553 1563 2600 velpa-

219 2589 292 2622 δίης
312 2587 422 2635 juxta
449 2593 699 2635 reservationes
722 2608 742 2629 a
767 2596 953 2638 fundatore
979 2597 1146 2644 appositas
1163 2599 1209 2642 fit
1233 2611 1363 2636 merum
1397 2605 1563 2646 Legatum

219 2637 326 2671 Pium
352 2639 491 2676 Laicale
508 2663 518 2678 ,
543 2643 595 2675 ita
613 2651 651 2677 ut
679 2643 802 2679 Laelius
820 2669 830 2684 ,
853 2645 914 2690 qui
934 2645 1105 2682 clericare
1127 2658 1191 2682 non
1219 2649 1323 2687 vult,
1341 2647 1421 2690 fisos
1441 2646 1561 2690 facere

213 2683 310 2730 poffit
330 2684 468 2726 stulius
495 2685 639 2732 ejusdem
656 2691 967 2739 “jurispatronatus
994 2704 1066 2727 cum
1089 2704 1186 2729 onere
1214 2705 1349 2732 tantum
1361 2706 1424 2745 pqr
1450 2695 1561 2729 alium

219 2730 416 2770 celebrandi
431 2734 548 2779 Miffizs
562 2747 581 2768 a
597 2738 786 2774 fundatore
794 2739 1038 2786 praescriptas!
1065 2740 1096 2774 &
1109 2750 1275 2788 quatenus
1292 2750 1453 2791 negative
1470 2751 1562 2785 quo·

220 2777 263 2814 ad
285 2780 428 2827 primam
451 2790 610 2830 partem,
635 2783 669 2820 &
693 2784 900 2823 affirmative
917 2788 1028 2836 quoad
1057 2786 1241 2827 secundam
1260 2813 1270 2825 .
1388 2834 1416 2870 Π

493 2860 495 2862 .
1420 2859 1430 2872 ι
1455 2843 1514 2872 An
