1977 3028
68 104 272 156 peaedixerat
299 101 338 137 de
364 100 563 137 necestitate
578 98 790 151 adiungendi
815 96 1064 145 Cappellanum
1089 96 1232 136 Vicario
1247 125 1258 141 ,
1281 65 1537 148 cavendumqss

68 156 130 192 ess'e
146 182 152 192 ‚
179 164 221 187 ne
237 150 392 195 Populus
406 150 539 196 aliquid
553 149 756 185 detrimenti
773 150 912 195 capiat:
941 147 1070 183 nullam
1090 147 1275 184 habendam
1289 146 1353 182 esse
1364 149 1536 185 rationem

69 206 108 239 de
122 199 357 246 Regularibus
371 197 605 232 Sacerdotibus
620 226 629 238 ,
654 208 729 232 cum
745 197 814 230 duo
829 196 938 232 tresve
954 196 1036 234 fint,
1048 195 1106 241 qui
1121 195 1390 231 Sacramentales
1403 205 1534 233 tantum

71 247 305 285 Confeiliones
325 247 356 280 in
372 256 487 280 eorum
499 245 645 280 Ecclesia
661 243 860 288 excipiunt,
884 242 942 279 sed
968 242 1099 278 nullam
1116 243 1260 279 Vicario
1276 255 1382 289 opem
1398 243 1509 278 serunt
1523 270 1533 285 ‚

72 307 182 342 neque
197 294 280 331 ferre
299 302 455 329 tenentur
472 306 481 325 ε
509 292 700 327 Fidendum
716 302 783 326 non
797 288 861 325 effe
879 292 977 326 vanis
989 289 1206 325 Saecularium
1221 292 1440 325 Sacerdotum
1454 301 1535 338 pro-

73 342 177 379 missis
192 369 202 383 ‚
227 341 285 389 qui
301 351 359 377 aut
374 350 491 386 parum
508 338 619 374 idonei
635 339 708 373 sunt
721 339 760 373 ad
776 336 991 382 excipiendas
1005 337 1271 372 sacramentales
1284 337 1532 379 Confeffiones,

74 392 107 426 &
126 390 338 425 Sacramenta
352 386 686 433 Populoexhibenda
706 413 716 427 ‚
741 395 800 420 aut
815 384 950 420 diffidiis
965 412 976 428 ‚
997 385 1032 420 8<
1051 384 1336 420 contentionibus
1355 395 1432 419 cum
1461 385 1533 420 Vi-

73 438 170 474 eario
183 445 327 484 agentur
344 462 353 476 ,
382 434 507 480 quique
521 460 531 474 ‚
557 432 719 470 fideisdes
736 434 799 469 fint
815 458 824 472 ‚
853 433 884 467 &
906 433 1118 479 negligentes
1133 458 1144 472 ,
1166 430 1189 466 fi
1203 431 1322 467 vocati
1338 441 1404 465 non
1426 441 1505 466 eant
1520 460 1531 474 ‚

73 484 207 531 corrigi
221 495 288 519 non
301 482 423 530 possint
435 482 478 515 ab
493 480 657 527 Episcopo
670 509 680 522 ‚
696 479 788 529 quod
802 479 932 515 nullam
942 479 1115 516 emiserint
1128 478 1376 526 obligationem
1391 505 1401 519 ‚
1417 478 1449 513 &
1465 490 1531 514 vo-

72 532 182 567 lentes
198 532 378 567 dumtaxat
389 528 541 565 Parocho
550 540 690 574 operam
711 528 863 574 prastent
880 556 887 563 .
914 530 995 564 Haec
1011 527 1300 563 Eminentiflimus
1316 525 1502 571 Episcopus
1518 552 1529 562 .

72 579 183 615 Causa
195 589 284 614 nunc
298 578 517 624 proponitur,
546 588 685 623 quaeque
697 579 737 611 ab
753 575 1021 611 Eminentiffimo
1038 573 1203 620 Episcopo
1230 573 1317 609 binis
1335 572 1527 608 dissertifli-

71 627 137 662 mis
153 626 311 672 Epistolis
321 624 407 660 dicta
419 625 494 659 sunt
508 624 548 658 de
559 625 754 660 necestitate
769 624 977 670 adjungendi
993 622 1243 669 Cappellanum
1258 621 1412 661 Vicari0‚
1426 629 1527 666 urget

72 674 254 710 Promotor
271 671 408 708 Fisealis
424 698 435 712 ,
451 671 614 718 additque
629 671 834 718 stipendium
852 671 1070 718 Cappellano
1084 669 1301 715 praestandum
1316 667 1381 703 ess‘e
1394 670 1436 703 ab
1447 669 1529 702 Ab-

73 722 152 757 bate
164 722 197 757 S.
210 720 334 756 Mariae
349 746 359 759 ,
383 718 471 766 quod
488 718 555 765 ipse
569 730 666 756 verus
692 719 861 755 Parochus
878 718 918 754 stt
939 745 949 758 ‚
970 720 1000 754 &
1017 718 1147 754 Rector
1161 715 1311 751 Ecclefiae
1325 742 1335 756 ,
1365 727 1433 749 non
1451 714 1526 749 Vi-

71 769 201 807 earius‚
228 767 286 813 qui
298 768 500 804 exercitium
515 776 647 803 tantum
664 767 768 802 habet
783 777 869 803 curae
883 766 1072 802 animarum
1090 792 1102 807 ,
1127 764 1253 812 quique
1266 774 1310 797 ex
1330 762 1526 798 redditibus

70 816 140 851 sola
152 814 294 861 percipit
310 826 420 850 annua
432 814 539 859 sc.7s.
549 841 559 854 ,
572 814 753 862 tenuesque
769 815 856 850 alios
873 814 1021 849 incertos
1035 814 1192 849 redditus
1207 838 1218 852 ,
1232 820 1269 846 ut
1283 822 1326 845 ne
1339 820 1525 855 congruam

73 863 205 909 quidem
217 862 409 907 portionem
418 861 563 906 accipiat
575 873 594 897 a
607 862 708 898 sacris
725 862 858 910 legibus
872 860 1109 900 constitutam3
1132 871 1240 905 neque
1253 866 1386 892 mutare
1403 865 1451 891 ait
1466 883 1475 896 ‚
1500 855 1525 890 {i

73 910 203 945 dicatur
215 911 281 945 hoc
306 921 405 945 onere
432 919 616 956 numquam
629 919 785 956 gravatos
795 907 890 944 fuiffe
910 908 1063 944 Abbates
1091 909 1122 944 S.
1141 907 1256 942 Mariae
1273 932 1283 945 ‚
1308 906 1399 951 quod
1424 903 1521 938 nulla

70 957 134 992 hac
148 960 180 993 in
193 970 227 993 re
239 958 365 1004 opponi
382 957 481 1004 poffit
494 956 705 992 consuetudo
718 969 729 995 ς
743 967 827 992 onus
840 955 930 990 enim
945 956 1012 991 hoc
1029 955 1148 1001 incipit
1164 955 1260 989 austo
1274 952 1389 998 populi
1405 961 1524 985 nume-

70 1016 108 1039 ro
123 1031 133 1045 ‚
158 1005 216 1051 qui
229 1003 250 1038 fi
267 1004 394 1048 pridem
410 1005 524 1039 minor
537 1012 610 1038 erat
623 1031 634 1047 ‚
662 1003 784 1040 mirum
796 1014 928 1051 quoque
944 1002 1009 1037 esse
1022 1015 1088 1038 non
1099 1001 1222 1037 debeat
1242 1001 1393 1035 Abbates
1406 1008 1526 1033 onera·-

68 1059 122 1086 τος
138 1063 203 1086 non
219 1050 312 1086 suiffe
325 1063 432 1086 onere
449 1051 617 1097 praestandi
637 1051 839 1097 stipendium
862 1051 1082 1096 Cappellanis
1096 1076 1107 1089 ,
1134 1060 1217 1094 quos
1248 1047 1432 1091 adiungere
1454 1055 1522 1078 non

69 1108 140 1133 erat
155 1097 298 1133 necesse.
311 1100 366 1134 Ab
386 1099 578 1134 Abbatibus
592 1098 749 1144 S.Mariae
761 1098 910 1134 nondum
926 1097 1083 1133 libellum
1096 1097 1221 1140 jurium
1236 1092 1519 1129 habuimus.Duo

72 1144 147 1180 sunt
160 1145 278 1182 Causae
291 1146 416 1192 Capita
431 1171 441 1181 .
608 1154 612 1156 “

26 1191 57 1228 Ῑ·
83 1193 192 1237 -Anfit
217 1195 309 1245 heaf
323 1194 519 1241 appvfitioni
549 1194 748 1242 cappellani
775 1196 889 1229 curati
908 1197 943 1230 in
967 1193 1043 1237 casu
1057 1195 1133 1229 &a
1145 1216 1156 1231 ‚
1182 1191 1214 1226 &
1240 1196 1404 1235 quatenus
1432 1184 1523 1220 affir-

214 1249 344 1276 mative
357 1264 368 1275 .

23 1286 72 1323 ΙΙ.
86 1293 143 1325 An
157 1290 328 1325 decretum
341 1288 473 1331 sallum
489 1291 523 1323 in
539 1292 642 1323 Sacra
654 1288 855 1332 Vifitatione
865 1297 929 1337 per
942 1286 1235 1333 Eminentiffimum
1247 1283 1442 1332 Episcopum
1464 1284 1526 1315 Sa-

211 1335 310 1371 binen
326 1333 392 1377 ,sit
403 1336 634 1382 exequendum
649 1338 682 1372 in
702 1336 778 1381 Casu
790 1341 866 1374 &c-

116 1430 337 1466 Affirmative
351 1431 390 1466 ad
402 1438 581 1479 utrumque
594 1455 605 1466 .

23 1525 111 1608 A
136 1523 368 1561 RlMINEN.
382 1525 540 1561 'MISSAE
559 1526 974 1564 CONVENTUALIS:
999 1523 1156 1570 Cupiens
1170 1520 1329 1558 Sacerdos
1345 1516 1525 1571 Fabrici&
1584 1525 1739 1569 sess-22.
1757 1537 1785 1559 c.
1800 1533 1835 1559 2.

148 1574 291 1606 Amatus
305 1597 315 1611 ‚
341 1583 376 1608 ut
391 1574 425 1609 in
441 1575 576 1619 Oppido
596 1575 769 1610 Sabiniani
786 1576 1010 1611 Ariminenfis
1024 1571 1223 1610 Dioeceseos
1241 1595 1250 1605 ,
1279 1569 1364 1604 unde
1383 1566 1525 1601 11110r1-
1561 1571 1601 1608 de
1618 1573 1739 1616 Sacris.
1755 1572 1835 1617 Mis·

69 1632 112 1667 go
125 1630 192 1653 erat
208 1645 217 1658 ,
235 1619 377 1656 Ecclessa
390 1621 581 1669 Collegiata
601 1621 694 1662 esset,
709 1623 918 1662 testamento,
932 1635 1001 1671 quo
1019 1619 1156 1656 deceffit
1174 1630 1264 1652 anno
1293 1615 1385 1653 1666-
1402 1640 1412 1653 ‚
1427 1615 1525 1648 dam·

70 1668 169 1700 navit
186 1667 346 1701 haeredem
364 1667 515 1714 prtstate
530 1669 636 1705 Clero
654 1671 808 1705 Saeculari
824 1670 968 1712 ejusdem
989 1665 1118 1715 Oppidi
1149 1665 1266 1702 census
1285 1661 1520 1698 haereditarios

67 1714 104 1748 in
119 1713 209 1764 sorte
221 1712 252 1747 sc
270 1725 369 1755 200..
394 1717 470 1751 dato
483 1727 582 1752 onere
609 1718 715 1752 eidem
741 1717 847 1753 Clero
875 1713 1125 1763 multiplicandi
1153 1712 1275 1747 fructus
1299 1735 1308 1750 ‚
1342 1709 1524 1744 fruetuum.

68 1772 134 1806 que
160 1761 305 1801 smnus,
339 1764 454 1799 donec·
470 1763 607 1800 fundari
629 1790 637 1804 ,
662 1765 812 1811 erigique
840 1764 969 1810 possent
995 1771 1134 1810 quatuor
1157 1758 1392 1795 canonicatus
1407 1781 1416 1798 ,
1436 1767 1524 1801 quo-

68 1818 144 1841 rum
168 1805 301 1853 singulis
326 1811 427 1845 annui
453 1812 598 1846 redditus
621 1811 726 1846 essent
751 1812 796 1847 sc.
826 1823 876 1852 so.
900 1825 910 1850 ς
935 1812 1058 1846 Statuit
1085 1819 1183 1844 onera
1207 1808 1382 1841 Sacrorum
1403 1827 1413 1841 ‚
1448 1815 1523 1848 qtae

67 1866 88 1889 a
102 1855 293 1891 Canonicis
310 1856 463 1891 facienda
476 1856 577 1891 essent
591 1885 600 1898 ,
622 1858 738 1904 selegit
755 1869 812 1903 pro
827 1858 971 1894 Ecclesia
987 1855 1185 1900 Collegiata
1202 1853 1361 1897 erigenda
1387 1851 1521 1886 Orato-

67 1902 156 1936 rium
172 1903 204 1935 S.
219 1902 352 1949 Jusephi
368 1929 378 1941 ‚
401 1904 489 1950 quod
501 1914 573 1938 erat
588 1905 627 1940 de
644 1905 711 1946 iure
729 1914 927 1949 patronatus
942 1902 1122 1937 Laicorum
1139 1927 1147 1939 ‚
1171 1899 1315 1949 formam
1342 1896 1488 1943 denique
1508 1924 1519 1938 ,

65 1961 105 1984 ae
119 1960 248 1989 vempus
261 1951 406 1996 eligendi
424 1951 618 1987 Canonicos
635 1952 820 1998 praefinivit
835 1980 843 1991 ‚
867 1960 905 1987 ut
922 1961 1039 1997 nempe
1054 1949 1176 1984 electio
1190 1946 1352 1993 gradatim
1371 1971 1380 1984 ,
1408 1944 1440 1978 &
1460 1956 1517 1988 per

66 1998 161 2032 vices
174 1994 248 2031 fieri
264 1996 419 2036 deberet.
448 1998 554 2033 statim
582 2010 620 2034 ac
636 1999 756 2035 fruitus
786 1998 904 2044 partie
921 1997 1114 2040 multiplico
1130 1994 1170 2030 ad
1201 2002 1326 2028 certam
1350 1990 1517 2028 summam
1689 1972 1811 2051 U

67 2042 306 2090 pervenissent*
335 2044 507 2080 Defuncto
523 2045 700 2081 Testatore
715 2073 724 2086 ‚
748 2046 870 2082 Clerus
883 2044 1008 2090 Oppidi
1024 2044 1129 2078 satius
1143 2049 1297 2087 reputans
1314 2037 1335 2073 ss
1351 2038 1522 2084 multipli-

66 2101 143 2125 cum
160 2096 410 2135 protraheretur
425 2120 433 2132 ,
457 2093 565 2129 donec
579 2105 647 2129 uno
661 2121 669 2132 ,
692 2094 877 2140 eodemque
891 2102 1042 2138 tempore
1058 2089 1130 2125 fieri
1144 2088 1246 2134 poss'et
1263 2096 1412 2134 quatuor
1440 2086 1519 2121 Ca-

65 2139 291 2173 nonicatuum
306 2141 434 2175 erectio
448 2165 458 2179 ,
479 2141 508 2174 δι
525 2140 547 2175 s1
563 2140 760 2187 Collegiata
774 2141 892 2176 nonin
906 2139 1067 2174 Oratorio
1080 2139 1110 2172 S.
1129 2134 1262 2181 Josephi
1276 2159 1286 2173 ,
1314 2133 1403 2179 quod
1418 2134 1520 2170 nimis

70 2185 244 2229 angustum
258 2196 341 2225 erat,
355 2186 407 2221 sed
424 2187 456 2220 in
475 2186 624 2222 Ecclefia
643 2189 673 2222 S.
688 2187 800 2223 Luciae
814 2185 999 2234 parochiali
1012 2184 1167 2221 Ecclesia:
1180 2181 1356 2224 S.Joannis
1371 2191 1517 2222 annexa,

70 2231 102 2265 &
117 2232 224 2281 aptior
239 2234 380 2269 Divinis
393 2233 525 2268 Officiis
538 2235 742 2281 exequendis
764 2235 958 2281 erigeretur
975 2258 984 2272 ,
1012 2243 1129 2279 preces
1156 2229 1284 2266 obtulit
1296 2256 1298 2258 .
1310 2228 1413 2263 Sacro
1439 2229 1518 2263 huic

68 2277 254 2315 Tribunali
270 2305 280 2320 ,
305 2281 427 2328 quibus
450 2282 655 2326 postulavit,
676 2282 760 2317 utin
785 2283 834 2317 his
855 2279 1003 2317 defunffl
1032 2279 1193 2316 voluntas
1218 2283 1486 2312 commutaretur
1502 2300 1513 2315 ‚

68 2326 282 2373 obtinuitque
294 2354 304 2368 ‚
328 2329 414 2374 quod
426 2327 606 2375 postulavit
617 2330 710 2364 edito
726 2329 895 2378 rescripto
902 2330 1099 2376 progr-etia
1107 2325 1341 2373 juxtapetita
1358 2324 1512 2357 dummo—

69 2375 109 2408 do
123 2375 263 2409 interim
277 2376 489 2412 celebrentur
504 2390 615 2413 omnes
640 2376 742 2422 Miffae
757 2389 775 2410 a
789 2376 1158 2422 testatorepraescriptae
1171 2399 1182 2413 ‚
1209 2377 1310 2409 donec
1324 2373 1505 2416 erigantur

73 2423 294 2456 canonicatus
309 2449 316 2457 .

24 2466 142 2503 Alium
155 2467 297 2503 interim
314 2468 562 2505 Canonicatum
579 2468 708 2506 fundari
734 2469 845 2507 voluit
859 2469 991 2516 Angcla
1018 2467 1153 2504 Berloni
1171 2494 1178 2507 ,
1207 2465 1292 2502 datIs
1321 2462 1428 2499 Clero
1455 2473 1518 2509 pro

70 2515 154 2550 dote
170 2515 297 2555 sc.÷oo.
315 2516 434 2552 Alium
447 2528 577 2564 quoque
593 2518 693 2552 annui
710 2519 855 2554 reuditus
871 2519 976 2558 soso.
990 2516 1109 2552 Petrus
1138 2513 1336 2550 Franciscus
1362 2510 1517 2546 Pertica-

69 2562 137 2597 rius
151 2588 161 2603 ‚
185 2564 216 2599 δι
229 2563 293 2597 duo
308 2563 469 2598 Sodalitia
483 2590 494 2604 ,
521 2576 594 2611 quat
615 2564 648 2599 in
664 2565 796 2609 Oppido
810 2565 885 2600 sunt
905 2591 915 2604 ,
940 2563 1186 2608 obligationem
1200 2561 1417 2605 susceperunt
1433 2568 1514 2591 cer·

70 2618 139 2662 tam
153 2610 327 2655 pecuniam
343 2610 476 2658 singulis
492 2613 587 2646 annis
604 2610 778 2657 prestandi
793 2613 925 2646 duobus
944 2609 1184 2646 Mansionariis
1198 2634 1207 2648 ,
1225 2608 1283 2654 qui
1298 2607 1408 2641 eidem
1424 2603 1512 2638 Col-

70 2655 204 2702 legiat.e
218 2658 366 2693 Ecclefix:
379 2659 543 2693 servirent
558 2682 568 2693 .
595 2663 700 2694 Anno
717 2660 848 2694 tandem
863 2670 960 2704 1739.
973 2665 1084 2703 parata
1098 2655 1211 2690 omnia
1224 2663 1340 2692 erant,
1366 2661 1404 2686 ut
1422 2650 1510 2685 Col-

70 2702 193 2750 legiata
206 2707 392 2753 erigeretur
407 2734 415 2746 ,
441 2707 501 2743 led
520 2705 798 2753 impedimentum
813 2706 970 2742 erectiom
991 2698 1514 2779 praestititArchipresbytgrPa·

758 2757 759 2760 ’
1327 2758 1388 2783 roc
1416 2756 1469 2781 ia·
