1978 3017
98 602 172 650 sess.
196 615 248 640 21.
262 616 290 641 c.
303 611 338 645 4.

68 656 106 691 de
121 650 193 699 Ref-

416 123 458 197 ζ’.
472 157 588 194 Priore
601 153 774 201 negativis
791 147 1003 194 suffragiisin
1030 141 1267 180 affirmativis,
1298 140 1386 175 Alia
1409 139 1499 174 addit
1514 138 1548 174 P.
1575 139 1754 175 Florianus
1778 138 1889 183 {quar

415 201 682 243 Eminentissimi
698 201 814 235 Patres
840 198 955 241 legent
970 193 1003 228 in
1021 194 1125 238 longo
1141 190 1212 231 ejus
1230 188 1352 223 libello
1367 211 1376 221 .
1397 195 1436 222 ,A
1448 187 1626 229 Defensore
1643 186 1858 228 Prrjksfsssoniv
1872 211 1881 223 ,

415 259 456 291 Θ
476 254 615 288 Ordinis
643 248 779 284 libellus
792 246 888 279 datus
907 242 998 281 fuit,
1026 250 1093 285 quo
1106 238 1284 273 excludere
1310 242 1480 270 conantur
1495 234 1567 267 vim
1585 258 1593 270 ,
1620 234 1650 267 δὲ
1665 241 1791 266 metum
1808 259 1818 272 ,
1845 234 1876 266 ἀ

415 300 579 336 excusant
605 294 890 341 interceptionem
905 289 984 324 anni
1000 285 1215 333 probationis
1238 283 1412 320 brevitate
1427 278 1611 325 temporis:
1639 280 1678 313 de
1693 278 1771 313 aliis
1795 280 1875 314 nul-

416 347 570 382 litatibus
583 343 703 379 silent.
725 341 880 377 Pertinet
895 338 935 374 ad
950 335 1148 383 religionem
1163 328 1507 366 Eminentiffimorum
1518 327 1660 363 Parrum
1669 325 1806 361 desinire
1820 350 1830 361 .

372 401 430 431 An
440 396 486 439 fit
501 396 595 431 locus
608 389 818 433 restitutioni
838 389 872 423 in
890 389 1059 431 integrum
1073 387 1109 418 ln
1126 381 1202 425 cafix
1217 383 1293 417 &co

470 488 645 536 Negative
663 512 672 524 2

375 585 469 671 A
486 579 796 618 LBlNGANEN.
812 575 964 613 CURAE
981 569 1269 609 ANIMARUM
1283 596 1293 609 ,
1319 569 1385 605 ET
1409 563 1782 603 FUNCTIONUM=
1809 563 1884 597 Lo-

496 641 554 667 cus
570 629 615 664 est
631 631 665 663 in
679 625 832 663 Dioecesi
849 619 1101 669 Albinganenfi
1113 645 1122 657 ‚
1141 618 1199 664 qui
1213 619 1309 654 Villa
1325 618 1546 651 Faraldornm
1558 622 1791 658 nuncupatur.
1809 609 1887 643 Hu-

420 681 474 723 jus
492 676 686 714 Parochiali
701 672 860 710 Ecclefiae
878 698 887 711 ‚
914 682 987 716 quae
1002 669 1100 703 Divo
1117 664 1306 701 Laurentio
1319 664 1476 699 dedicata
1499 660 1566 700 est,
1591 661 1704 706 plures
1719 671 1759 694 ex
1774 655 1891 691 finiti-

422 727 486 762 mis
503 725 601 770 Bagis
617 723 700 758 olim
713 720 1005 764 subjiciebantur:
1030 713 1230 750 divisionem
1248 711 1395 757 primum
1408 709 1561 745 obtinuit
1579 720 1596 742 a
1615 705 1809 743 Parochiali
1825 705 1893 738 Ec-

419 772 520 810 clefia
533 771 686 816 Populus
702 770 843 804 Trevii:
874 764 958 800 'inde
975 763 1124 807 Populus
1139 764 1232 805 Rivae
1250 758 1400 793 obtinuit
1418 783 1427 796 ‚
1454 765 1491 790 ut
1503 756 1560 790 sua
1575 753 1721 790 Ecclesia
1734 751 1894 787 declara-

421 829 518 856 retur
535 845 545 858 ,
570 820 601 854 8<
616 814 888 852 constitueretur
919 811 1131 846 «auxiliaris
1149 831 1159 844 2
1185 806 1263 839 data
1278 805 1493 850 Cappellano
1509 803 1672 836 facultate
1684 796 1891 847 sepelliendi

421 876 593 906 mortuos,
607 864 639 899 ὅτ
649 861 856 898 ministrandi
873 857 990 909 omnia
1002 858 1236 893 Sacramenta.
1253 853 1416 897 Denique
1431 849 1573 894 Populus
1586 850 1695 886 Delii,
1715 846 1772 892 qui
1783 845 1896 890 Pagus

424 914 525 950 distat
542 925 560 947 a
586 909 782 949 Parochiali
797 907 944 944 Ecclesia
961 904 993 940 S.
1011 901 1191 939 Laurentii
1209 901 1337 935 duobus
1363 899 1433 934 sere
1448 897 1602 932 millibus
1620 893 1769 940 passuum
1783 918 1793 932 ,
1816 901 1897 926 curn

423 960 615 1006 majoribus
630 965 842 1006 premeretur
855 951 1015 999 angustiis
1026 979 1037 992 ,
1059 961 1147 984 anno
1172 948 1268 993 1718.
1287 946 1449 994 Episcopo
1463 939 1711 988 Albinganensi
1726 936 1901 974 visitatio-

424 1019 502 1044 nem
516 1008 659 1052 agenti,
686 1014 807 1051 preces
821 1001 972 1039 obtulit,
996 997 1122 1045 quibus
1148 995 1287 1041 petebat
1306 1021 1316 1034 ,
1343 1003 1380 1029 ut
1395 994 1461 1029 suis
1482 991 1685 1037 prospiceret
1707 987 1903 1022 incommo-

423 1056 502 1091 dis.
524 1051 706 1099 Episcopus
722 1077 735 1091 ,
759 1050 818 1097 qui
835 1047 977 1083 oraesens
991 1046 1125 1082 viderat
1141 1041 1209 1077 iter
1222 1040 1375 1087 asperum
1390 1067 1401 1080 ,
1422 1047 1650 1087 praeruptum‚
1671 1034 1814 1070 difficile
1836 1059 1846 1072 ‚
1870 1031 1903 1066 ὅτ

423 1103 503 1138 οὲἲο
516 1100 600 1137 rivis
626 1100 817 1142 interceptu
868 1120 880 1134 ‚
904 1093 962 1140 qui
991 1094 1147 1139 hyberno
1176 1088 1359 1135 praesertim
1384 1098 1539 1133 tempore
1563 1111 1573 1125 ,
1599 1095 1666 1131 quo
1686 1080 1906 1119 tumescunt,

425 1149 495 1192 fine
509 1146 664 1193 periculo
679 1145 777 1181 traici
789 1155 863 1180 ·non
880 1139 1038 1186 possunt,
1067 1139 1127 1186 qui
1139 1144 1349 1182 cognoverat
1372 1137 1486 1183 plures
1500 1133 1568 1167 fine
1594 1128 1823 1167 sacramentis
1837 1126 1906 1161 de·-

426 1194 550 1233 ceffiss'e
563 1222 574 1236 ‚
602 1193 768 1237 majorem
784 1189 907 1238 Populi
920 1189 1015 1225 illius
1029 1195 1166 1234 partem
1181 1184 1290 1218 Sacris
1310 1180 1466 1218 interesse
1484 1179 1589 1216 Festis
1602 1178 1720 1213 diebus
1740 1186 1809 1210 non
1824 1172 1907 1220 pos-

424 1243 484 1284 se,
509 1252 631 1287 pueros
654 1241 729 1277 sere
746 1249 864 1274 omnes
890 1236 959 1283 ipsa
971 1235 1052 1271 fidei
1083 1233 1277 1269 rudimenta
1300 1232 1459 1278 ignorare
1479 1254 1488 1267 ‚
1512 1226 1631 1262 audito
1643 1223 1798 1258 Parocho
1813 1246 1823 1260 ,
1848 1221 1907 1254 de·—

425 1290 568 1330 erevit,
593 1298 631 1325 ut
644 1289 749 1324 salvis
772 1283 1019 1324 emolumentis
1034 1278 1320 1319 parochialibus-‚¹
1343 1281 1378 1313 in
1393 1275 1558 1312 Oratorio
1584 1271 1682 1308 Delii
1699 1272 1909 1306 retineretur

426 1337 676 1373 Sanuiffimum
701 1332 924 1370 Eucharistiae
942 1331 1201 1366 Sacramentum
1227 1337 1285 1371 pro
1299 1323 1448 1361 Infirmis
1464 1350 1473 1364 ‚
1496 1331 1536 1358 ut
1549 1322 1692 1356 Sacrum
1715 1317 1751 1353 in
1765 1327 1806 1350 eo
1830 1312 1908 1349 fieri

427 1384 582 1430 quotidie
595 1382 700 1428 posset
715 1408 726 1422 ,
748 1379 901 1425 exceptis
925 1378 1045 1414 diebus
1060 1375 1166 1412 Festis
1189 1373 1362 1410 paschatis
1377 1399 1388 1414 „
1416 1373 1450 1407 &
1476 1365 1705 1404 &Laurentii
1728 1390 1740 1404 ‚
1765 1372 1870 1409 utque
1889 1371 1910 1394 a

431 1429 659 1479 cappellano
674 1428 910 1475 Evangelium
937 1425 1074 1472 Populo
1089 1450 1100 1464 ‚
1126 1422 1241 1470 pueris
1257 1419 1336 1456 fidei
1359 1419 1550 1455 rudimenta
1570 1413 1836 1460 explicarentur
1851 1434 1863 1445 .

386 1477 613 1525 Experientia
626 1484 740 1512 tamen
762 1481 975 1521 compertum
999 1471 1046 1508 est
1062 1472 1129 1508 hoc
1143 1472 1280 1508 decreto
1305 1479 1373 1504 non
1399 1465 1480 1502 satis
1496 1461 1693 1501 consultum
1718 1455 1815 1494 fuisse
1840 1457 1912 1492 Po·-

433 1525 513 1575 puli
527 1523 626 1561 illius
638 1522 894 1561 neceffitatibuz
912 1547 923 1562 ,
949 1519 1097 1565 ideoque
1112 1530 1204 1555 anno
1222 1526 1323 1558 1742.
1337 1514 1487 1561 Populus
1502 1512 1542 1546 ad
1564 1511 1632 1546 hoc
1656 1509 1796 1543 Sacrum
1821 1502 1914 1539 Tri·

433 1574 540 1610 bunal
557 1570 719 1619 confugit
735 1598 745 1612 ,
769 1571 896 1608 oblatis
912 1568 1095 1616 precibus,
1120 1566 1245 1612 quibus
1258 1561 1448 1610 postulavit
1459 1585 1470 1599 ,
1492 1567 1530 1593 ut
1542 1556 1765 1604 Cappellano
1780 1550 1915 1587 eaedem

432 1620 712 1657 concederentur
725 1618 912 1655 facultates
928 1641 938 1656 ,
959 1626 1041 1662 quas
1056 1615 1159 1649 Sacra
1177 1610 1415 1657 Congregatio
1431 1605 1680 1653 Episcoporum
1697 1627 1708 1641 ‚
1731 1602 1765 1636 8<
1787 1599 1914 1644 Regu-

436 1666 562 1711 !arium
575 1667 760 1714 negociis,
789 1666 820 1701 δι
834 1662 1152 1700 consultationibus
1165 1657 1345 1707 praeposita
1358 1665 1448 1692 anno
1464 1662 1523 1693 173
1533 1662 1564 1692 3.
1577 1649 1713 1695 Populo
1725 1650 1819 1693 Rivae
1830 1656 1914 1680 con-

437 1715 582 1752 cesserat
598 1742 608 1754 ,
635 1714 768 1750 scilicet
782 1707 805 1754 ,ξ
832 1710 1056 1757 baptizandi,
1079 1705 1275 1744 conferendi
1290 1706 1506 1739 Sacramenta
1527 1697 1671 1733 infirmis
1685 1722 1695 1735 ‚
1720 1695 1754 1730 8<
1768 1693 1915 1728 traden-

439 1788 463 1803 „
490 1762 524 1796 di
543 1761 787 1797 Sanfflffimum
806 1758 1028 1801 Eucharistiae
1053 1756 1313 1790 Sacramentum
1337 1759 1497 1795 tempore
1513 1744 1669 1781 Paschali
1697 1742 1822 1777 cuncto
1846 1740 1916 1776 Po-

436 1834 462 1850 „
485 1810 568 1852 pulo
593 1816 653 1852 pro
667 1803 905 1842 satisfactione
919 1801 1089 1851 ‘praecepti
1109 1826 1119 1840 ‚
1141 1811 1207 1835 nec
1223 1809 1290 1833 non
1304 1793 1528 1843 publicandi,
1557 1793 1589 1827 81
1606 1789 1818 1826 assistentiam
1831 1798 1916 1833 prae-

438 1880 462 1896 ‚,
486 1855 592 1891 bendi
618 1851 847 1890 matrimoniis
864 1878 875 1891 ,
898 1851 1131 1896 cadaveraque
1162 1844 1355 1881 tumulandi
1378 1869 1388 1883 ‚
1420 1841 1604 1878 dummodo
1624 1846 1736 1872 tamen
1758 1834 1915 1882 quolibet

437 1928 463 1943 2,
487 1901 598 1938 mense
625 1900 864 1953 cappellanus
888 1897 1094 1934 transmittat
1123 1893 1265 1929 nomina
1292 1891 1526 1929 defunctorum
1544 1913 1554 1926 ,
1580 1885 1858 1931 baptizatorum,
1880 1881 1915 1917 ὃ(

438 1976 461 1992 „
487 1949 788 1989 matrimoniorum
803 1946 977 1985 Parocho,
1001 1944 1061 1990 qui
1074 1941 1168 1978 solus
1187 1940 1312 1980 libros,
1333 1938 1372 1974 in
1387 1937 1511 1984 quibus
1525 1934 1597 1969 haec
1607 1934 1833 1969 adnotantur,
1858 1939 1915 1970 re-

438 2022 464 2037 „
488 1998 663 2038 tineat‚,.
691 1994 809 2037 Causa
834 2003 949 2029 tamen
977 1988 1152 2037 proposita
1162 1999 1231 2025 non
1256 1985 1345 2022 fuit.
1371 1983 1516 2021 Interim
1542 1992 1625 2017 vero
1640 1978 1742 2014 novis
1765 1974 1915 2016 suborti&

437 2044 606 2096 scandalis
619 2045 653 2078 in
670 2042 873 2085 trajectione
889 2040 1089 2089 puellarum
1106 2048 1171 2084 per
1184 2040 1276 2072 rivos
1290 2060 1301 2075 ‚
1324 2032 1508 2077 iisdemque
1522 2027 1719 2075 urgentibus
1732 2018 1915 2061 nec-''dita‘

437 2092 535 2128 tibus
552 2119 561 2132 ,
586 2102 663 2126 nam
677 2089 817 2137 plurimi
829 2088 1032 2137 pluviarum
1046 2084 1147 2121 causa
1161 2111 1172 2125 ,
1193 2083 1252 2121 vel
1265 2082 1306 2117 ad
1318 2078 1556 2117 parochialem
1569 2073 1756 2110 Ecclesiam
1768 2067 1914 2106 accede-

437 2150 499 2178 re,
523 2139 581 2175 vel
598 2138 740 2174 domum
757 2145 912 2183 repetere
940 2145 1013 2170 non
1028 2141 1211 2180 potuerunt
1226 2156 1236 2170 ,
1263 2128 1412 2166 infantes
1437 2123 1577 2171 quidam
1593 2119 1662 2156 fine
1688 2117 1914 2165 baptismate,

438 2187 472 2222 ὅ(
489 2185 556 2221 fine
572 2185 801 2221 Sacramentis
824 2185 938 2230 plures
953 2183 1109 2218 homines
1121 2172 1357 2216 accerserunt,
1381 2172 1516 2219 ipsaque
1531 2177 1748 2205 mortuorum
1769 2173 1915 2210 corpora

437 2233 597 2278 pluribus
608 2232 725 2269 diebus
737 2232 837 2268 domi
857 2230 1004 2266 retineri
1021 2230 1211 2264 debuerunt
1226 2253 1236 2266 ‚
1261 2233 1372 2259 motus
1383 2219 1536 2266 Populus
1560 2227 1649 2251 anno
1665 2214 1765 2262 1748.
1786 2209 1915 2248 coactis

439 2279 608 2314 Comitiis
625 2279 740 2315 statuit
757 2305 767 2318 ‚
798 2288 836 2313 ut
850 2289 947 2313 novae
964 2287 1078 2323 preces
1092 2277 1194 2311 Sacro
1207 2272 1288 2308 huic
1305 2267 1492 2304 'tribunali
1505 2263 1709 2301 offerrentur
1723 2287 1733 2297 .
1758 2258 1915 2296 Auditus

441 2327 624 2372 Episcopus
642 2326 785 2362 audivit
810 2324 1002 2360 Parochum
1018 2351 1029 2365 ‚
1050 2324 1082 2357 ὅτ
1103 2323 1138 2357 in
1153 2319 1305 2366 Epistola
1318 2317 1373 2352 sua
1387 2312 1539 2350 collectis
1555 2319 1624 2346 tam
1640 2307 1790 2356 Populi,
1814 2314 1917 2355 quarn

439 2373 584 2410 Parochi
600 2374 816 2412 rationibus,
837 2371 1013 2408 concludit
1031 2396 1055 2412 „
1078 2367 1234 2405 Parocho
1259 2365 1319 2412 ipfi
1339 2360 1567 2408 exoptandum
1589 2357 1688 2398 fore‘,
1725 2363 1763 2391 ut
1786 2351 1916 2398 suppli-

441 2447 466 2462 „
490 2432 545 2473 fes
568 2420 735 2466 praedictae
749 2420 865 2467 gratiae
891 2418 1094 2455 Oratoribus
1119 2414 1396 2453 concederentur
1413 2420 1480 2444 non
1498 2407 1610 2443 solum
1633 2403 1674 2440 ad
1687 2396 1913 2450 praecavenda

441 2493 464 2509 ‚‚
489 2470 705 2505 incommoda
719 2495 730 2508 ,
754 2471 784 2502 ὁ(
799 2467 956 2503 evitanda
969 2465 1126 2502 scandala
1140 2490 1151 2505 ,
1178 2462 1232 2497 sed
1252 2460 1359 2496 etiam
1374 2455 1463 2503 quod
1489 2454 1600 2500 magis
1615 2451 1685 2491 est,
1709 2458 1748 2485 ut
1768 2456 1917 2482 eorum-

441 2541 466 2555 2,
492 2518 568 2550 dem
580 2515 800 2552 conscientiae
822 2514 1059 2550 consuleretur
1072 2537 1099 2553 „
1116 2539 1125 2548 .
1149 2509 1261 2545 Causa
1271 2518 1363 2543 nunc
1377 2503 1577 2550 proponitur
1594 2528 1604 2541 ‚
1630 2499 1662 2535 &
1675 2493 1825 2542 Populus
1847 2502 1916 2542 ne-

442 2562 608 2614 ceffitates
625 2591 635 2603 ‚
655 2564 777 2610 quibus
792 2561 938 2610 prospici
963 2561 1088 2596 debeat
1101 2585 1112 2599 ,
1132 2557 1285 2606 pluribus
1311 2552 1475 2588 Testibus
1493 2550 1637 2595 probat,
1665 2544 1802 2578 decreto
1825 2539 1916 2589 Ept-

444 2609 620 2662 scopi-lato
638 2621 731 2646 anno
753 2615 849 2651 1718.
867 2637 877 2651 ,
901 2608 1160 2653 testimonioque
1187 2602 1362 2652 praesentis
1388 2595 1542 2646 Episcopi
1563 2622 1571 2630 .
1602 2589 1800 2630 AParocho
1823 2584 1916 2630 nihil

443 2657 625 2692 habuimus
641 2681 649 2691 .
681 2657 770 2692 Tria
784 2657 860 2693 sunt
873 2654 1113 2693 controvel‘slae
1134 2651 1263 2699 Capita
1277 2678 1286 2686 .
1746 2640 1748 2643 ’

403 2702 433 2745 I.
461 2711 520 2742 An
534 2726 545 2743 .
566 2709 610 2740 (φ
625 2708 789 2750 quomodo
810 2704 958 2746 Ecclesia
972 2709 1008 2738 S.
1022 2704 1191 2739 Bernardi
1207 2700 1287 2735 Loci
1311 2697 1408 2733 Delii
1420 2688 1623 2730 concedenda
1639 2685 1684 2729 fit
1693 2684 1850 2730 facultas
1859 2681 1916 2724 se-

587 2752 759 2796 pelliendi
774 2754 947 2788 cadavera
961 2776 972 2791 ,
996 2754 1040 2789 (φ
1054 2746 1313 2790 administrandi
1334 2747 1554 2780 Sacramenta
1568 2735 1736 2783 Baptismi
1749 2757 1759 2772 ,
1787 2729 1919 2769 Matri·

1797 2788 1870 2814 mo·
