1978 3017
364 59 384 87 6

331 64 528 135 E⁷cciefinm
550 94 745 130 saeeuiarem
770 92 930 127 Sodalitii
945 93 1144 129 sanctorum
1169 93 1379 137 Sebastiani,
1401 95 1597 132 &Rocchi.
1629 98 1731 134 Nova
1746 109 1805 137 ta*

330 158 413 182 mm
426 146 515 178 saer
529 144 684 176 eumdem
697 141 890 175 Parocltum
904 166 914 180 ,
940 141 972 175 &
994 142 1112 176 Patres
1126 152 1249 176 exorta
1263 143 1310 178 est
1334 146 1566 179 controversia
1582 157 1592 183 ς
1617 146 1810 185 Contendit

332 192 427 228 enirn
447 190 619 225 Paroclius
633 188 684 229 jus
700 187 763 222 sibi
775 186 840 224 effe
856 188 1066 234 ingrediendi
1082 188 1267 225 Ecclesiam
1282 190 1421 226 Patrum
1434 203 1511 228 cum
1527 193 1620 228 stola
1634 220 1644 234 ‚
1670 197 1701 231 &
1713 196 1809 233 Cru—

331 252 369 274 ce
386 240 523 272 elevata
542 263 552 276 ‚
576 234 598 268 fi
614 235 655 270 ad
672 235 765 270 illam
778 234 956 272 deferenda
974 235 1037 272 sint
1050 247 1193 283 corpora
1210 248 1325 273 eorum
1340 264 1351 278 ,
1377 239 1437 285 qui
1458 239 1557 274 condi
1574 241 1607 274 in
1625 253 1664 276 ea
1686 250 1809 279 volue-

333 295 413 321 runt
429 309 441 321 .
472 283 523 319 Ut
544 282 649 329 igitur
670 283 786 318 Patres
799 284 841 319 iis
856 285 964 319 turbis
979 293 1223 325 occurrerent,
1240 297 1314 332 quae
1339 286 1430 322 hisce
1443 285 1570 322 casibus
1589 291 1732 326 evenire
1753 292 1811 328 so-

333 333 408 368 lent
422 358 432 372 ,
457 341 577 377 preces
593 330 800 366 obtulerunt
817 332 918 367 Sacro
941 331 1023 368 huic
1040 332 1228 370 Tribunali
1247 361 1256 372 ‚
1281 333 1464 380 auditoque
1484 334 1630 371 Vicario
1643 337 1812 376 Generali

333 378 544 415 Bononiensi
558 403 568 417 ,
592 378 729 413 censuit
743 378 798 413 hic
817 378 998 414 secundum
1023 380 1214 416 Parochum
1233 379 1297 415 effe
1320 382 1590 427 respondendum
1603 409 1614 423 ‚
1636 385 1727 430 quod
1747 399 1812 433 ge-

333 426 484 465 neralis,
509 426 540 460 &
557 423 825 463 vetustifflmain
846 427 958 462 Terra
987 426 1097 463 Centi
1125 428 1163 463 lit
1184 427 1413 469 consuetudo,
1436 438 1472 465 ut
1496 428 1642 467 Parochi
1671 432 1708 467 in
1734 436 1813 469 ele-

333 475 430 510 tione
451 473 657 513 cadaverum
678 473 917 519 ingrediantur
943 473 1110 510 Ecclefias
1131 475 1364 522 Regularium
1386 489 1463 513 cuin
1486 478 1582 514 Stola
1599 505 1611 520 ,
1636 479 1669 515 δι
1697 479 1814 518 Cruce

334 523 478 557 elevata
491 548 499 556 .

288 569 498 617 Proponitur
520 577 614 601 nunc
628 566 741 602 Causa
754 593 763 606 ,
789 569 822 603 &
838 568 1012 615 disputant
1027 569 1140 606 Patres
1152 570 1240 606 hanc
1252 572 1533 608 consuetudinem
1548 599 1558 613 ,
1577 573 1600 609 fi
1613 586 1694 611 vera
1709 574 1814 617 effet,

336 616 520 657 contraius
534 613 597 649 effe
611 626 620 647 ε
636 614 802 650 Placuisse
816 616 977 663 siquidem
994 618 1029 652 in
1046 618 1109 653 hac
1125 618 1239 654 crebrs
1249 620 1435 655 Doctorum
1449 621 1736 666 disputationibus
1749 635 1816 658 ve-

335 673 417 703 xata
431 662 606 709 questione
620 688 630 701 ,
659 664 857 708 negativam
872 663 1079 700 sententiam
1093 666 1177 701 hanc
1190 664 1281 712 sequi
1306 667 1415 706 sacras
1437 668 1541 703 Urbis
1556 669 1818 717 Congregatio-

337 724 396 748 nes
414 736 424 754 ,
452 711 540 744 banc
561 708 714 753 probasse
729 710 885 746 Summos
900 712 1089 748 Pontifices
1105 740 1114 754 ,
1135 715 1276 756 sublata
1290 715 1492 761 cuicumque
1507 715 1618 756 ludici
1647 716 1817 754 facultate

339 759 447 796 serius
471 755 648 799 judicandi
663 766 740 790 cum
753 759 889 795 decreto
905 763 1092 798 irritanti3
1117 761 1207 795 Cum
1226 760 1357 805 igitur,
1389 774 1441 798 res
1458 761 1496 796 sit
1512 766 1551 797 de
1576 764 1820 801 consuetudine

338 816 458 842 contra
471 805 526 845 Jus
539 829 549 842 ,
577 801 707 837 necess'e
719 805 859 839 omnino
871 804 936 840 ess'e
948 832 957 845 ‚
982 815 1020 841 ut
1034 807 1218 852 pleniffime
1233 809 1399 852 probetur
1412 834 1422 848 ‚
1446 811 1476 843 δι
1488 812 1701 847 contradicto
1712 811 1819 848 etiam

338 851 477 897 judicio
492 848 734 885 confirmatam
749 850 846 888 fuisse
861 853 1087 889 monstretur:
1113 854 1200 889 nihil
1216 855 1337 891 horum
1351 856 1485 902 probari
1504 867 1523 890 a
1538 856 1695 894 Parocho
1712 883 1722 898 ,
1750 860 1781 894 &
1795 857 1821 894 {i

342 904 549 947 probaretur
564 923 573 937 ,
597 897 686 931 nihil
699 896 765 932 effe
783 923 794 938 ,
818 902 906 946 quod
922 912 988 935 non
1003 902 1210 937 monstretur
1222 913 1297 937 eain
1314 902 1427 940 locum
1440 902 1593 939 habuiffe
1608 904 1644 939 in
1665 906 1730 940 hac
1745 932 1756 946 ,
1779 905 1822 942 de

343 959 408 994 qua
422 945 538 991 agitur
550 970 560 983 ,
589 943 736 979 Ecclesia
753 971 760 981 ,
782 958 859 981 cuin
872 947 1045 984 Parochus
1060 960 1134 983 eam
1154 948 1315 996 ingreffus
1329 952 1468 998 quidem
1485 950 1591 986 fuerit
1604 961 1681 987 cum
1704 952 1799 988 stola
1812 977 1825 994 ,

345 998 376 1030 δι
393 994 504 1028 Cruce
519 1004 536 1026 a
552 992 682 1025 duobus
695 1000 791 1027 retro
809 995 961 1032 saeculis;
987 1004 1021 1031 at
1036 1007 1103 1031 non
1118 997 1192 1040 jure
1214 996 1390 1034 servitutis
1403 1025 1414 1039 ,
1441 1010 1554 1045 neque
1570 998 1690 1035 animo
1705 999 1826 1046 acqui·

345 1042 438 1077 rendi
455 1042 504 1082 jus
519 1048 638 1073 contra
661 1039 856 1075 libertatem
872 1040 1100 1088 Regularium
1119 1070 1128 1084 ,
1154 1043 1207 1079 sed
1227 1045 1309 1091 quia
1320 1045 1532 1081 Parochialis
1544 1055 1619 1081 erat
1635 1072 1645 1085 ‚
1673 1048 1704 1083 &
1725 1049 1759 1082 in
1785 1058 1826 1083 ea

347 1087 553 1123 exercitium
567 1096 657 1120 curae
671 1085 860 1122 animarum
880 1088 1026 1125 habebat
1040 1091 1170 1126 electus
1184 1091 1224 1126 ab
1240 1090 1315 1135 ipfis
1333 1093 1517 1128 Patribus:
1541 1092 1705 1140 quidquid
1719 1094 1827 1140 igitur¹

346 1136 390 1170 de
406 1134 469 1168 hac
482 1132 728 1168 consuetudine
745 1132 784 1168 fit
798 1136 932 1171 ratione
953 1136 1103 1172 aliarum
1122 1138 1347 1174 Ecclefiarum
1366 1139 1598 1186 Regularium
1616 1166 1626 1181 ‚
1654 1153 1727 1187 quae
1748 1141 1828 1177 sunt

348 1183 385 1218 in
402 1180 512 1216 Terra
531 1180 636 1215 Centi
649 1205 661 1219 ,
688 1191 755 1214 non
771 1182 862 1227 poffe
884 1195 957 1218 eam
972 1185 1129 1220 concludi
1147 1186 1278 1222 ratione
1300 1187 1402 1230 hujus
1418 1186 1570 1223 Ecclesia:
1586 1188 1723 1223 patrum
1747 1187 1828 1223 Mi-

349 1240 501 1268 norum,
526 1238 638 1273 neque
663 1227 791 1275 porrigi
812 1231 899 1275 polle
914 1234 953 1267 ad
977 1243 1032 1268 eas
1055 1232 1241 1272 Ecclesias,
1269 1245 1342 1281 quae
1366 1234 1458 1269 suam
1483 1235 1681 1270 libertatem
1707 1235 1829 1270 serva-

349 1286 433 1313 runt
449 1289 458 1309 :
484 1273 620 1310 Cessare
633 1284 747 1310 autem
762 1278 1030 1324 disputationem
1048 1292 1183 1316 omnem
1199 1307 1209 1321 ,
1235 1292 1312 1316 cum
1326 1281 1535 1318 consuetudo
1550 1283 1621 1317 hacc
1634 1282 1804 1329 generalis
1815 1308 1828 1324 .

350 1329 381 1361 ἂ
400 1323 617 1358 vetustissima
632 1334 674 1358 ex
689 1322 777 1359 facto
791 1325 872 1361 delit
889 1327 995 1362 etiam
1019 1329 1152 1363 ratione
1166 1328 1314 1363 aliarum
1333 1329 1560 1372 Ecclefiarum
1573 1329 1802 1375 Regularium
1816 1355 1829 1372 ,

350 1379 390 1407 ut
403 1370 542 1405 testibus
557 1371 722 1416 probatur
739 1398 749 1411 ‚
775 1373 887 1419 quide
906 1374 994 1410 fado
1014 1378 1157 1421 proprio
1171 1376 1366 1421 deponunt:
1392 1377 1542 1412 Ratione
1563 1388 1647 1411 vero
1673 1375 1831 1412 Ecclesiae

351 1417 551 1453 Sanctorum
570 1417 662 1452 Petri
681 1444 690 1456 ‚
715 1419 814 1455 Pauli
830 1433 898 1456 rem
912 1421 977 1456 effe
993 1433 1147 1469 apertam
1162 1435 1204 1458 ex
1217 1424 1308 1459 facto
1321 1423 1421 1472 ipsius
1434 1424 1576 1460 l’arochi
1594 1423 1829 1465 Monteforti,

352 1466 411 1513 qui
439 1465 473 1499 in
497 1465 646 1500 elatione
657 1468 833 1503 cadaveris
846 1467 1018 1506 Lucretiae
1032 1470 1132 1506 Gatti
1145 1481 1335 1518 perventus
1359 1475 1400 1506 ad
1416 1470 1503 1508 fores
1522 1469 1677 1507 Ecclefiae
1690 1470 1832 1507 ‘Patrum

353 1511 507 1560 deposuit
521 1512 608 1547 illud
619 1538 630 1553 ³
643 1514 799 1560 abiitque
815 1544 822 1552 .
838 1518 924 1552 ilaec
939 1517 1104 1553 Patrcs2a
1118 1518 1270 1554 Parocho
1282 1518 1372 1554 nihil
1383 1519 1560 1554 habuimus
1571 1531 1580 1552 ε
1592 1518 1749 1553 Dubium
1764 1518 1831 1553 est.

307 1566 365 1596 An
381 1563 414 1596 in
430 1560 618 1607 aſjbciando
631 1563 808 1598 cadavera
827 1566 1048 1612 seppelienda
1062 1569 1097 1602 in
1121 1567 1266 1609 Ecclesia
1297 1571 1332 1600 S.
1349 1571 1451 1603 ‘Petri
1469 1574 1640 1602 Mmorum
1655 1575 1693 1600 ae
1708 1567 1834 1608 Obser-

499 1610 626 1643 vantia
647 1611 754 1644 Terrae
772 1616 869 1648 Centt'
885 1614 994 1648 liceat
1018 1614 1176 1649 Parocho
1189 1614 1326 1659 ingredi
1345 1625 1420 1650 cnm
1436 1614 1532 1649 Stola
1546 1637 1558 1652 ,
1583 1617 1626 1651 ά·
1645 1617 1744 1649 Cruce
1759 1613 1832 1649 ele-

500 1664 610 1693 vat-⁷5
628 1656 689 1699 fleu
698 1660 818 1704 potins
832 1669 1015 1697 teneantur
1029 1662 1073 1695 ad
1098 1661 1245 1707 ejtifiiem
1269 1659 1417 1704 Ecclesiae
1429 1662 1527 1705 fores
1543 1660 1658 1704 sistere
1675 1685 1687 1701 2
1711 1659 1833 1707 ibique

500 1703 663 1739 nltimam
678 1704 760 1740 vale
785 1707 944 1750 defitnc‘lo
957 1710 1040 1743 dare
1054 1710 1089 1743 in
1110 1710 1187 1752 casu
1202 1713 1277 1745 &c-

408 1795 589 1843 Negative
603 1797 643 1831 ad
666 1798 811 1843 primam
824 1810 958 1847 partem
976 1814 985 1834 :
1011 1800 1234 1837 Affirmative
1247 1801 1285 1837 ad
1299 1799 1476 1837 secundam
1488 1824 1500 1838 .

17 1882 101 1936 Seff-
115 1892 169 1930 ἒς.
184 1893 279 1922 c012»
396 1890 669 1928 RIVERNEN.
693 1892 1036 1931 DECIMARUM=
1063 1895 1285 1932 Consueviffe
1299 1895 1517 1933 Privernates
1539 1895 1672 1931 dicitur
1685 1895 1830 1946 antiqu-o

3 1934 40 1967 de
60 1932 129 1978 Rff,
409 1949 563 1985 tempore
584 1937 745 1976 Parocbis
761 1942 828 1976 suis
845 1943 1009 1978 Decimas
1025 1944 1159 1989 integre
1181 1943 1358 1989 praestare,
1383 1945 1459 1981 inde
1475 1944 1702 1979 Parochorum
1717 1941 1832 1990 negli-

360 1987 476 2034 gentia
491 1985 676 2033 paullatim
699 1988 870 2029 evenisse,
895 1999 932 2024 ut
957 1990 1197 2037 negligeretur
1213 1989 1408 2037 praestati03
1434 1993 1566 2038 integra
1589 1999 1686 2026 tanta
1703 1989 1829 2034 Populi

361 2034 573 2069 tenacitate,
598 2043 636 2069 ut
662 2034 752 2071 nihil
777 2035 985 2082 profecerint
1013 2036 1171 2085 Episcopi
1197 2038 1344 2083 publicis
1371 2040 1518 2078 fidinis,
1542 2039 1574 2075 &
1599 2035 1830 2087 synodalibus

362 2081 699 2121 Constitutionibus,
725 2086 845 2128 quibus
859 2085 889 2119 &
904 2084 1065 2120 Parochis
1076 2085 1326 2133 negligentibus
1344 2113 1353 2126 ‚
1378 2087 1409 2122 δι
1423 2086 1556 2133 Populo
1571 2084 1737 2121 recusanti
1752 2093 1831 2132 Ρω-

362 2141 406 2164 na
425 2128 648 2173 infligebatur
663 2153 674 2164 .
704 2130 904 2177 Episcopum
921 2143 1009 2168 anno
1031 2135 1119 2176 1669
1143 2143 1270 2169 certam
1286 2141 1401 2169 taxam
1426 2133 1572 2170 statuisse
1588 2160 1597 2173 ,
1620 2144 1693 2179 quae
1714 2140 1831 2171 tamen

363 2176 426 2211 usu
462 2186 597 2219 recepta
631 2188 697 2211 non
724 2179 788 2213 fuit
816 2207 826 2220 ,
852 2191 932 2215 cum
964 2181 1106 2216 Parochi
1131 2206 1141 2220 ,
1166 2181 1224 2228 qui
1252 2182 1469 2217 Privernates
1493 2189 1587 2216 erant
1612 2206 1622 2220 ,
1648 2180 1716 2231 live
1747 2179 1832 2230 quia

363 2221 618 2269 patrimonialia
645 2224 733 2259 bona
755 2227 917 2261 haberent
931 2252 941 2266 ‚
967 2226 1037 2262 five
1059 2229 1137 2274 quia
1156 2229 1292 2264 nollent
1313 2241 1390 2264 cum
1417 2227 1636 2265 Parochianis
1657 2226 1722 2262 suis
1747 2227 1832 2267 lites

365 2281 466 2316 agere
479 2295 490 2309 ,
518 2272 673 2304 contenti
691 2271 793 2306 effcnt
811 2274 943 2308 modica
974 2275 1033 2309 illa
1052 2275 1211 2310 frumenti
1236 2301 1246 2314 ‚
1269 2277 1419 2312 cicerum
1435 2303 1444 2315 ‚
1469 2276 1690 2321 fabarumque
1703 2300 1714 2313 ‚
1738 2273 1770 2309 δι
1783 2273 1830 2311 fi·-

365 2317 501 2352 milium
519 2315 702 2361 specierum
717 2322 905 2364 quantitate
918 2346 928 2359 ,
953 2333 1052 2368 quam
1067 2334 1084 2357 a
1099 2322 1319 2358 parochianis
1336 2323 1547 2369 exigebant.
1576 2324 1648 2362 At,
1674 2333 1751 2357 cum
1767 2323 1831 2359 Pa-

366 2365 520 2400 rochiam
533 2366 563 2399 S.
581 2365 722 2406 joannis
738 2366 958 2414 Evangelistae
971 2369 1172 2407 obtinuisset
1186 2370 1347 2406 Sacerdos
1360 2370 1516 2405 Andreas
1528 2368 1729 2418 Raymiindi
1743 2368 1832 2406 Seti-

366 2423 430 2446 nus
447 2437 456 2450 ,
481 2411 539 2446 hic
554 2436 564 2451 ,
589 2412 650 2447 ubi
667 2414 810 2459 agnovit
824 2415 974 2450 redditus
989 2416 1164 2452 Parochiae
1179 2419 1212 2452 in
1228 2418 1313 2453 scut.
1331 2429 1381 2458 so.
1406 2418 1526 2452 annuis
1556 2429 1598 2453 ex
1618 2417 1700 2452 solis
1714 2425 1833 2455 tamen

365 2458 478 2493 fundis
490 2485 500 2498 ‚
524 2459 734 2506 praedi'isque
752 2487 761 2501 ,
791 2462 872 2496 facta
886 2474 1028 2498 onerum
1043 2466 1193 2501 omnium
1217 2465 1414 2500 deduffione
1430 2490 1441 2504 ‚
1467 2476 1641 2500 remanere
1657 2465 1694 2498 in
1710 2470 1834 2503 annuis

368 2505 449 2540 scut.
464 2515 521 2540 20.
542 2511 590 2541 18.
610 2532 619 2545 ,
646 2510 686 2542 ad
712 2507 912 2554 Episcopum
927 2510 1116 2556 confugit,
1145 2521 1344 2556 utcongrua
1358 2511 1419 2547 sibi
1442 2511 1707 2558 aflignareturin
1723 2510 1835 2551 Deci-

366 2553 429 2586 mis
445 2576 454 2584 .
483 2552 667 2599 Episcopus
682 2555 894 2599 provinciam
908 2558 993 2592 lianc
1020 2558 1161 2594 Vicario
1177 2558 1342 2594 Generali
1361 2560 1559 2599 mandavit,
1584 2559 1640 2606 qui
1665 2565 1745 2596 tunc
1761 2560 1835 2596 Vi-

366 2597 561 2633 sitationem
586 2602 731 2644 agebat:
758 2603 924 2639 Vicarius
950 2616 1075 2640 novam
1101 2616 1215 2643 taxain
1238 2605 1440 2645 constituit.
1464 2606 1645 2651 statuitque
1670 2629 1680 2644 .
1706 2616 1744 2640 ut
1771 2619 1837 2654 pro

367 2644 499 2697 integra
512 2644 645 2681 decima
670 2648 825 2685 Parocho
840 2651 1056 2697 praestaretur
1074 2653 1247 2699 quantitas
1264 2654 1334 2689 haec
1363 2654 1550 2692 frumenti,
1575 2663 1698 2699 nempe
1724 2653 1838 2691 Cives

368 2703 471 2739 primi
485 2692 611 2738 gradus
627 2695 805 2733 traderent
815 2710 940 2736 mezza
956 2710 1082 2747 quarta
1098 2726 1108 2741 ,
1122 2699 1260 2738 secundi
1273 2701 1395 2748 gradus
1409 2714 1451 2738 un
1465 2709 1591 2749 quarto
1605 2703 1636 2736 d·
1650 2712 1717 2735 una
1733 2713 1839 2748 quar-

1727 2756 1790 2791 ta,
