2000 3017
445 99 654 177 Ξῇεεπάεηῐὶ
661 129 815 173 suddetti
825 152 835 166 ,
859 138 876 162 o
891 125 1016 171 offendo
1030 125 1187 171 incapaci
1196 130 1258 171 per
1272 119 1393 166 difetto'
1408 122 1438 156 εἶ’
1456 119 1516 157 eta*
1530 119 1636 157 debha
1647 116 1709 154 dal
1731 115 1900 156 reinen..

442 182 562 223 dissime
580 178 729 223 capitolo
743 174 833 212 della
852 173 1028 208 Catedrale
1051 174 1086 206 di
1103 170 1194 206 Citra*
1204 172 1239 204 di
1260 169 1397 211 castello
1412 166 1591 208 nominarsi
1606 180 1648 202 un
1669 168 1905 205 Sacerdote'de

435 227 569 275 gremio
584 224 637 260 del
655 220 930 267 Reverendiffimo
948 220 1098 267 capitolo
1116 244 1125 258 ,
1152 217 1207 253 cui
1222 217 1279 258 Jus
1292 214 1492 251 nominandi
1505 212 1646 260 reliquit
1662 239 1672 252 ‚
1697 212 1828 249 defecta
1842 225 1905 260 pe-

441 273 533 309 nitus
546 269 787 307 descendentia
802 266 985 303 masculina
1001 293 1011 307 ,
1039 268 1071 301 &
1086 264 1263 301 faeminina
1274 277 1293 299 a
1310 263 1417 299 Blasio
1429 261 1559 307 Righio
1573 285 1584 295 .

395 322 472 360 Post
483 321 614 356 obitum
627 317 796 354 Canonici
815 315 968 350 Novellii
987 313 1251 360 Cappellaniam
1267 312 1419 348 obtinuit
1445 309 1640 344 eanonicus
1663 307 1905 345 Andreoccius

440 367 632 405 nominatus
648 377 666 399 a
682 364 862 399 Testatore
880 389 890 403 ,
911 362 970 409 qui
985 374 1073 397 anno
1091 361 1180 407 1716.
1197 373 1216 396 a
1232 360 1374 396 Vicario
1387 357 1589 404 Capitulari
1604 354 1721 390 literas
1737 354 1906 399 provisio-

440 414 492 452 nis
507 415 603 458 hujus
616 412 850 458 Cappellaniae
863 410 1015 445 obtinuit
1030 437 1037 444 .
1067 408 1238 443 Defuncto
1255 406 1436 443 Canonico
1453 403 1672 440 Andreoccio
1684 429 1693 442 ,
1723 401 1907 448 Cappella-

438 465 533 498 niam
550 460 703 498 obtinuit
714 472 755 495 ex
769 458 970 500 rejudicata
988 458 1109 492 Petrus
1129 455 1270 490 Catrani
1284 453 1490 491 descendens
1503 463 1521 485 a
1540 449 1649 487 Blasio
1664 449 1798 495 Righio
1812 477 1820 485 .
1835 449 1905 485 Hic

439 520 552 546 autem
568 537 577 550 ‚
601 520 677 544 cum
690 518 827 542 uxorem
845 506 966 540 ducere
980 505 1066 542 velit
1081 504 1265 538 liberorum
1280 503 1530 549 quaerendorum
1545 498 1641 535 causa
1656 522 1665 536 ,
1688 496 1834 542 postulat
1858 497 1901 531 ab

441 555 715 593 Eminentissirnis
731 554 897 593 Patribus,
915 554 1134 588 urdeclarent
1147 577 1156 590 ,
1183 549 1465 596 anCappellania
1482 546 1595 582 isthaec
1610 542 1823 579 Beneficium
1840 543 1902 578 Ec-

440 604 660 641 clefiasticum
673 601 711 636 sit
728 627 738 640 ,
765 602 821 636 vel
837 599 976 645 fimplex
994 601 1141 646 legatum
1169 600 1263 645 pium
1278 624 1289 638 ,
1314 598 1344 632 &
1366 594 1598 642 Cappellania
1625 591 1779 627 Laicalis
1798 601 1902 637 quam

443 651 515 697 ipse
529 651 677 686 retinere
693 649 787 694 poiiit
801 649 834 683 in
849 649 933 683 statu
947 645 1120 692 coniugali
1139 671 1148 685 ,
1174 645 1321 681 Auditus
1335 644 1401 680 fuit
1425 642 1638 690 Episcopus,
1664 638 1721 684 qui
1737 637 1824 672 nihil
1842 637 1905 672 de—

441 700 520 735 finit
533 726 542 739 ‚
573 697 747 743 asseritque
761 697 936 730 dumtaxat
952 694 1156 729 cremonem
1173 692 1264 726 illius
1280 692 1398 727 factam
1414 702 1479 726 non
1492 688 1589 724 fuisse
1604 689 1646 722 ab
1659 684 1832 732 Episcopo
1848 711 1858 725 ,
1870 684 1905 720 ὅ(

443 758 485 783 ex
499 748 604 782 tribus
612 743 831 791 Cappellanis
844 743 911 778 duo
926 739 1156 788 posseffionem
1170 738 1265 773 illius
1284 739 1349 773 fine
1366 735 1577 773 institutione
1592 732 1771 769 canonica
1790 732 1904 767 habu·-

444 794 502 831 isse
514 822 524 835 ‚
551 804 655 828 unum
672 819 681 833 ,
709 791 768 837 qui
785 789 849 824 fuit
867 788 1064 826 eanonicus
1094 786 1322 822 Andreoccius
1348 782 1554 829 provifionis
1582 781 1697 817 literas
1713 776 1863 814 habuiss'e
1881 790 1901 814 a

444 841 588 877 Vicario
601 837 788 884 Capitulari
804 865 811 872 .
838 838 1003 883 Disputat
1017 844 1105 869 nunc
1121 833 1225 880 igitur
1241 833 1359 868 Petrus
1373 829 1517 867 Catrani
1533 825 1799 874 Cappellaniam
1815 827 1905 861 hanc

443 888 509 925 effe
523 888 700 926 laicalem,
722 886 820 931 idque
843 883 979 930 probari
1006 893 1049 917 ex
1065 881 1180 916 verbis
1208 879 1427 915 Fundationis
1444 903 1453 916 ‚
1482 877 1514 911 &
1539 873 1751 911 testamenti,
1777 871 1904 919 quibus

445 945 639 980 nuncupata
661 934 726 968 fuit
739 932 1010 979 “Juspatronatus
1025 955 1035 968 ‚
1071 928 1288 975 cappellaniz
1322 927 1475 962 Laicalis
1489 948 1499 962 ‚
1518 923 1666 969 simplex
1693 920 1903 965 officiatum:

445 982 586 1019 Probari
600 982 703 1016 etiam
717 1006 726 1018 ‚
752 981 832 1025 quia
845 981 952 1014 erecta
967 988 1033 1011 non
1051 975 1154 1010 suerit
1171 974 1378 1010 authoritate
1393 971 1566 1018 Episcopi,
1578 969 1646 1004 sine
1663 966 1840 1002 Canonica
1852 966 1908 1002 in-

444 1030 619 1066 stitutione
631 1027 826 1062 conferatur
840 1050 850 1064 ‚
863 1023 1068 1070 Cappellani
1085 1021 1289 1056 amovibiles
1303 1021 1366 1056 sint
1379 1019 1422 1054 ad
1437 1027 1555 1053 nutum
1571 1044 1581 1056 ,
1593 1017 1625 1051 &
1640 1013 1819 1050 exclusum
1838 1012 1909 1048 fue-

444 1080 492 1114 rit
503 1078 560 1119 Jus
575 1085 676 1111 omne
694 1072 846 1109 Datariae
861 1069 1067 1115 Apostolicae
1087 1096 1098 1108 ‚
1117 1070 1147 1102 δι
1165 1067 1408 1114 Episcoporum
1423 1065 1693 1111 Tiphernatum=
1708 1061 1795 1096 nihil
1809 1060 1909 1096 obes-

446 1124 479 1161 se
493 1123 652 1160 monstrat
667 1148 677 1161 ,
696 1130 753 1156 aut
768 1120 976 1156 erectionem
990 1140 1001 1155 ‚
1024 1127 1124 1164 quarn
1136 1114 1336 1150 canonicus
1354 1114 1507 1150 Floridus
1532 1108 1741 1146 Salvatorius
1753 1106 1828 1143 fieri
1843 1119 1909 1143 vo-

448 1172 512 1207 luit
528 1172 571 1206 ab
584 1169 753 1216 Episcopo
768 1194 778 1208 ,
801 1177 859 1203 aut
874 1167 990 1202 literas
1016 1161 1214 1210 provisionis
1229 1189 1237 1200 ,
1264 1174 1346 1208 quas
1361 1175 1379 1198 a
1395 1161 1538 1196 vicario
1563 1155 1761 1204 capitulari
1787 1155 1909 1190 habuit

446 1218 650 1255 Canonicus
667 1216 905 1252 Andreoccius
919 1225 1010 1250 anno
1026 1213 1121 1253 1716.
1137 1236 1146 1250 ,
1173 1222 1242 1245 non
1265 1209 1420 1246 diffimile
1449 1208 1546 1249 hujus
1570 1202 1762 1251 quaestionis
1789 1213 1908 1237 exem-

446 1268 544 1315 plum
571 1264 698 1311 praestat
717 1266 817 1307 Causa
832 1266 1014 1300 ferentina
1036 1258 1258 1307 eappellaniae
1273 1269 1373 1304 quarn
1385 1256 1537 1292 dedimus
1554 1253 1586 1288 in
1605 1252 1698 1287 Folio
1715 1255 1909 1295 congrega-

445 1317 551 1352 tionis
565 1312 690 1348 habitae
705 1314 758 1346 die
774 1321 828 1346 22.
843 1309 992 1357 Angnli‘i
1006 1307 1174 1353 transaffo
1189 1318 1273 1341 anno
1291 1315 1392 1352 1750.
1406 1312 1546 1352 quaeque
1565 1299 1610 1335 ab
1628 1295 1909 1333 Eminentiffimis

445 1361 605 1398 Patribus
620 1357 759 1394 definita
775 1358 840 1393 fuit
854 1358 885 1392 in
912 1356 1174 1404 congregatione
1189 1354 1259 1388 diei
1289 1351 1543 1396 19.Decembris
1576 1349 1689 1384 eodem
1707 1355 1792 1378 anno
1806 1353 1908 1388 quam

444 1410 493 1445 sat
507 1408 603 1443 estad
615 1418 729 1442 eorum
752 1406 952 1441 memoriam
977 1400 1147 1439 revocasse
1163 1425 1171 1433 .
1197 1399 1344 1435 Pertinet
1357 1397 1463 1445 igitur
1476 1397 1514 1432 ad
1529 1392 1722 1431 eorumdem
1738 1390 1904 1425 Eminen-

445 1458 644 1538 tissciimorum
661 1454 797 1490 Patrum
825 1452 1129 1501 jurisprudentiam
1154 1445 1310 1484 definitio
1323 1447 1457 1486 Dubii,
1479 1443 1570 1491 quod
1590 1439 1819 1488 proponitur,
1841 1448 1909 1474 ex·

471 1517 488 1538 e
519 1504 652 1538 iendum
666 1525 677 1536 .

399 1517 468 1590 Ari)
481 1551 700 1599 cappellaniq
716 1576 725 1589 ,
743 1552 781 1585 de
795 1561 862 1596 qua
878 1551 997 1595 agitur
1012 1548 1072 1588 ‚lit
1087 1559 1178 1584 mere
1193 1544 1346 1581 Laicalis
1360 1567 1373 1583 ,
1390 1546 1485 1579 itaut
1499 1533 1750 1583 retineripoffit
1763 1532 1806 1569 ab
1822 1538 1909 1569 Ora·

590 1606 664 1634 tore
682 1597 819 1639 mstatu
836 1597 1011 1644 conjugali
1024 1600 1059 1633 in
1076 1596 1152 1642 casu
1169 1597 1247 1630 &c-

496 1692 620 1729 Dilaza
635 1705 653 1727 a
666 1692 888 1742 sequentem.

642 1806 760 1870 Die
781 1802 1064 1873 Sabbathi
1087 1822 1185 1884 24.
1206 1797 1438 1891 Aprilis
1471 1819 1491 1860 1
1507 1812 1649 1876 751.

117 1993 187 2030 sess
203 2000 255 2028 24.
278 2008 306 2029 c.
334 2002 366 2027 1.
403 1988 493 2072 N
511 1982 655 2021 ICIEN.
682 1978 1034 2017 MATRIMONII:
1061 1977 1240 2024 Postquam
1268 1973 1305 2009 in
1334 1974 1599 2020 Congregatione
1624 1964 1741 2001 habita
1767 1963 1821 1998 die
1853 1972 1906 2006 13.

92 2044 128 2075 de
143 2040 214 2086 Res.
232 2046 341 2075 Matr.
521 2029 702 2080 superioris
717 2029 833 2072 mensis
851 2028 1036 2064 Februarii
1057 2024 1166 2061 Causa
1191 2022 1261 2057 haec
1278 2024 1430 2057 unanimi
1454 2014 1744 2064 Ampliffimorum
1767 2008 1907 2066 Pat-rum

445 2080 609 2117 consensu
622 2078 732 2113 suerat
756 2075 923 2116 definita,
952 2072 1166 2118 Dubioque,
1192 2068 1285 2115 quod
1311 2077 1408 2104 erat:
1434 2072 1493 2101 An
1506 2064 1629 2103 conflet
1649 2063 1688 2096 de
1717 2058 1908 2094 valtdztate

447 2128 667 2165 Matrimonii
691 2126 725 2160 in
753 2126 828 2169 casu
854 2128 949 2161 &ca
980 2119 1196 2165 responderat
1220 2115 1359 2152 Sacrum
1382 2112 1578 2149 Tribunai=
1606 2107 1811 2153 affirmative
1829 2130 1840 2143 ,
1865 2107 1911 2139 &-

446 2176 617 2223 amplius:
642 2171 728 2208 Baro
741 2171 927 2213 Caietanus
950 2168 1097 2204 Tondut
1121 2170 1156 2203 in
1174 2165 1434 2211 congregatione
1451 2159 1566 2195 habita
1586 2159 1642 2192 die
1663 2162 1724 2206 27..
1746 2150 1908 2186 transaffl

446 2222 562 2265 menfis
578 2222 703 2255 Martii
727 2220 854 2254 iterum
869 2220 985 2252 audiri
1014 2213 1198 2262 postulavit
1222 2222 1383 2247 novarum
1399 2207 1572 2244 rationum
1597 2200 1749 2248 praesidio
1773 2212 1779 2231 ε
1806 2197 1908 2248 PaCta

448 2270 556 2317 igitur
571 2268 680 2303 eidem
693 2267 760 2300 hae
772 2263 932 2310 potestate
950 2265 989 2298 ab
1004 2260 1283 2297 Eminentisiimis
1299 2256 1456 2294 Patribus
1472 2280 1483 2295 ,
1509 2250 1621 2288 Causa
1633 2258 1722 2285 nunc
1739 2254 1907 2296 proponi-

448 2326 505 2352 tur
518 2344 527 2357 ,
554 2318 583 2352 ἃ
598 2313 848 2360 expediendum
864 2310 910 2345 est
926 2311 1080 2346 Dubium
1092 2331 1103 2343 .
1506 2326 1511 2330 -

401 2366 509 2409 Anfit
518 2364 673 2407 flandum
688 2389 698 2403 ,
724 2362 784 2398 vel
802 2362 1021 2396 recedendum
1039 2369 1059 2391 a
1073 2353 1186 2398 decifis
1204 2355 1239 2390 in
1265 2353 1340 2392 casu
1356 2355 1432 2389 &ta

494 2458 618 2495 Dilata
632 2459 670 2495 ad
685 2456 829 2505 primam
843 2454 983 2491 omnino
994 2480 1002 2490 .

115 2573 187 2608 fers
216 2582 268 2605 21.
289 2577 353 2609 c.4
403 2554 481 2636 C
497 2553 655 2589 OMEN.
682 2546 1148 2589 DISMEMBRATIONIS
1172 2559 1178 2579 :
1219 2541 1366 2589 Imperio
1392 2535 1734 2575 Eminentiffimorum
1760 2529 1902 2566 patrum

91 2623 128 2655 de
144 2595 211 2666 fies·
359 2594 366 2604 ⁵
507 2601 704 2645 proponitur
721 2601 790 2634 haec
815 2599 928 2634 Causa
940 2622 954 2638 -‚
980 2609 1055 2646 quae
1071 2597 1160 2631 inter
1174 2593 1341 2637 Populum
1356 2587 1508 2634 Ripariae
1522 2613 1532 2626 ,
1557 2586 1589 2620 &
1608 2576 1821 2624 Praepositum
1839 2577 1904 2627 Pa·-

450 2647 611 2683 rochialis
627 2645 778 2681 Ecclefiae
804 2645 957 2681 ssironici
973 2646 1086 2684 agitur
1101 2670 1110 2683 ,
1136 2643 1167 2676 δι
1183 2640 1217 2675 in
1236 2650 1301 2685 qua
1318 2634 1517 2683 Praepofitus
1543 2640 1608 2665 tres
1623 2634 1778 2679 numerat
1806 2624 1901 2658 Sacri

448 2694 545 2736 huius
564 2692 761 2728 Tribunalis
775 2686 1017 2730 definitiones}
1045 2689 1176 2726 Placuit
1190 2687 1283 2722 enirn
1312 2680 1536 2729 Amplissimis
1550 2676 1703 2728 Patribus
1720 2685 1755 2708 ln
1776 2672 1906 2709 ultima

453 2744 712 2789 Congregatione
734 2739 846 2773 habita
861 2742 916 2775 dc'e
944 2750 996 2779 27.
1020 2736 1176 2775 transacti
1200 2733 1316 2778 mensis
1350 2732 1472 2766 Martii
1486 2725 1688 2762 rescribere:
1714 2721 1828 2757 dilata
1846 2716 1906 2772 ‚ad

1776 2774 1821 2813 pr
1841 2776 1870 2799 ⁸-
