1978 3017
56 1006 142 1049 Sess·
160 1014 217 1040 21·
232 1016 261 1039 ει
275 1011 305 1047 3,
347 1009 356 1014 “

31 1055 70 1092 dc
84 1051 157 1099 Ref-

397 117 464 189 le'se
478 164 522 187 cae
530 152 628 185 duam
645 174 655 189 ,
689 158 761 193 qiiae
781 145 835 180 sua
849 152 967 179 natura
983 141 1095 178 nullos
1112 138 1225 175 reddat
1242 138 1368 173 {ru-{lus
1382 163 1391 177 ,
1415 136 1476 172 nifi
1502 138 1639 172 arbores
1652 134 1835 172 caedantur
1848 140 1866 176 Δ

397 200 547 244 ideoque
578 196 664 242 fosse
677 195 727 229 uti
750 195 824 235 jure
841 190 896 225 suo
909 218 918 230 ‚
944 191 972 225 δι
991 188 1048 224 sibi
1074 188 1196 222 habere
1212 212 1223 226 ,
1244 185 1430 232 pecunias,
1454 192 1623 229 tamquam
1642 183 1772 219 fructus
1785 210 1796 223 ,
1822 184 1855 218 &

399 256 509 280 tamen
530 254 683 290 paratum
706 240 768 276 effe
782 251 837 274 eas
853 238 1030 274 commodo
1043 232 1262 278 Praepositum:
1283 234 1318 283 in
1332 231 1445 267 census
1474 230 1661 270 investire,
1684 232 1742 277 qui
1762 241 1854 275 prae-

397 292 530 327 stabunt
554 302 681 325 annuas
707 290 807 324 libras
826 300 902 327 1¹7-
919 284 1083 321 Monstrat
1112 283 1188 316 inde
1212 280 1397 316 utilitatem
1414 276 1592 317 Ecclesiae,
1617 278 1648 312 ὅ(
1672 278 1853 312 necestita-

398 350 466 373 tem
486 340 585 381 hujus
598 338 789 372 contractus
805 331 1071 381 probationibus
1091 329 1215 363 eductis
1228 340 1266 362 ex
1286 326 1432 374 epistola
1446 325 1598 370 Episcopi
1614 323 1824 359 Ceisonensis
1840 352 1849 361 .

395 386 529 422 Contra
545 385 734 424 coadjutor
749 382 890 418 Bernola
905 381 1151 416 detrimentum
1166 375 1285 416 inferri
1301 372 1474 409 contendit
1489 372 1754 418 probatioribus
1764 372 1849 406 edu-

394 434 454 467 &i's
470 446 509 468 ex
537 432 676 475 epistola
696 430 852 477 Episcopi
869 425 1076 474 urgelensis
1091 450 1100 463 ,
1127 426 1157 458 St
1169 422 1398 458 damnandum
1419 419 1484 455 effe
1500 417 1714 464 Prxpositum
1729 420 1768 453 ad
1782 418 1851 453 sar-

394 480 515 516 cienda
538 479 765 514 damnaiilata
815 476 1016 521 Disputatio
1031 472 1167 507 sedetin
1191 469 1307 505 faeli's.
1334 469 1501 510 ¹ludicium
1526 468 1591 502 erit
1617 465 1852 501 Emineniiss'i-

394 539 523 563 morum
542 527 683 561 Parrum
700 552 709 566 ,
735 537 777 559 an
794 524 956 569 Episcopo
973 517 1163 566 Urgellensi
1176 542 1185 555 ,
1211 529 1253 551 ari
1268 517 1433 564 Episcopo
1445 512 1638 550 Celsonenfi
1660 541 1671 555 ,
1700 524 1742 548 ari
1764 524 1852 549 neu-

396 577 440 609 tri
463 573 545 609 fides
562 573 715 609 habenda
731 572 771 607 sit
790 600 797 607 .
816 572 942 617 Capita
961 566 1077 603 Causae
1091 567 1159 602 liaec
1182 566 1256 600 sunt
1271 589 1280 602 ,

349 618 381 655 1.
407 628 467 658 An
484 627 530 665 stt
554 622 790 657 concedendum
818 618 1072 665 Beneplacitum
1097 613 1332 660 apostolicum
1355 614 1389 646 in
1416 607 1648 646 contrafflbus
1674 612 1856 647 venditio-

534 681 611 704 num
629 695 638 707 ,
664 669 717 707 feti
734 668 938 702 locationum
953 664 1214 709 aciseptennium
1231 686 1242 700 ,
1264 661 1303 693 de
1328 657 1452 705 qulbus
1481 660 1597 703 agitur
1629 657 1664 692 t'n
1692 659 1765 701 cafit
1777 663 1859 695 φρ,

535 716 564 750 ὅ(
579 724 743 761 quatenus
759 713 917 757 negative

348 760 393 798 ll.
422 768 505 802 An,
530 768 572 799 ά»
589 763 750 808 quomodo
771 759 836 801 fim
859 758 1037 800 reficienda
1063 757 1128 799 ass.
1150 756 1269 790 damna
1296 765 1340 789 ex
1367 752 1467 786 diiiis
1498 749 1730 788 contrafflibns
1749 751 1856 788 illata

536 807 763 855 Praepofiturae
786 809 818 842 in
841 808 916 850 quEt
931 810 1007 842 effe.

444 904 501 939 Ad
525 903 670 954 primum
686 899 997 946 affirmativeiuxta
1027 897 1184 944 modum.
1214 895 1272 939 Ad
1287 894 1468 931 secundum
1481 891 1663 940 provisum
1678 891 1712 926 in
1724 893 1859 938 primo.

430 997 773 1034 OLYMNIANEN
803 995 1072 1033 DiviSiole
1092 989 1425 1030 AUGUMENTI.
1454 989 1544 1026 Solet
1571 986 1773 1033 Capitulum
1791 1014 1800 1028 ,
1827 988 1859 1023 ἃ

439 1046 562 1080 Clerus
579 1045 728 1080 Ecclesie
743 1044 960 1079 C2ihedraiis
983 1040 1276 1088 Polymnianensis
1291 1049 1437 1085 quatuor
1450 1039 1531 1072 anni
1545 1036 1665 1078 diebus
1679 1036 1718 1069 ad
1739 1035 1860 1071 Eccle-

397 1092 476 1128 siam
496 1092 714 1128 Abbatialem
733 1094 752 1126 S
783 1092 880 1129 Viti,
907 1102 980 1138 quae
1008 1089 1153 1125 secundo
1179 1089 1284 1132 lapide
1304 1099 1323 1121 a
1349 1085 1501 1120 Civitate
1525 1083 1622 1118 distat
1637 1107 1651 1122 ‚
1671 1084 1829 1117 accedere
1847 1108 1859 1124 ,

396 1152 520 1185 nempe
544 1140 639 1174 Feria
667 1140 807 1175 secunda
834 1138 907 1186 post
930 1137 1154 1173 Dominicam
1179 1130 1473 1170 Reiuriectionis,
1499 1129 1665 1166 Kalendis
1690 1129 1801 1170 Maii,
1826 1130 1859 1164 ὅ(

400 1188 454 1222 die
472 1201 483 1223 i
496 1199 511 1228 s
539 1186 663 1223 Menfis
678 1186 784 1229 Junii:
811 1188 861 1220 his
885 1185 992 1220 tribus
1004 1184 1119 1218 diebus
1148 1181 1294 1217 accessus
1307 1182 1344 1217 ad
1365 1179 1461 1214 illam
1479 1175 1659 1213 Ecclesiam
1684 1177 1858 1217 Abbatia-

396 1236 464 1270 lem
479 1233 517 1269 fit
532 1236 626 1269 dueta
640 1235 762 1280 Pompa
776 1261 785 1273 ‚
815 1233 869 1268 seii
883 1232 1111 1279 processione;
1133 1231 1187 1265 die
1204 1241 1287 1264 vero
1306 1241 1359 1267 ιφ.
1373 1226 1464 1268 Junii
1477 1223 1677 1273 Capitulum
1692 1248 1703 1262 ,
1728 1224 1759 1258 &
1773 1223 1859 1258 Cle—

396 1294 451 1317 rus
466 1283 534 1317 sine
549 1282 671 1328 Pompa
687 1281 857 1316 convenit
875 1281 908 1314 in
931 1279 1081 1313 eamdem
1109 1276 1317 1316 Ecclesiam,
1343 1283 1380 1310 ut
1404 1273 1566 1318 vesperas
1588 1279 1715 1308 canet,
1739 1271 1861 1305 Solve-

395 1330 482 1365 bant
497 1330 563 1365 PP.
580 1329 838 1365 Conventuales
852 1354 860 1367 ‚
889 1328 928 1360 ad
942 1337 1029 1361 nuos
1044 1324 1190 1360 Ecclesia
1216 1323 1274 1358 illa
1289 1323 1436 1368 pei-tinet
1453 1347 1461 1359 ,
1485 1331 1550 1364 pso
1563 1317 1728 1364 stipendio
1741 1318 1862 1353 harum

398 1386 551 1422 quatuor
567 1376 780 1411 functionum
795 1380 934 1410 ducatos
952 1384 1005 1413 23.
1022 1400 1033 1413 ,
1057 1383 1179 1417 nempe
1209 1373 1381 1408 &wdecim
1396 1380 1459 1415 pro
1478 1367 1606 1402 duabus
1620 1364 1735 1410 primis
1752 1365 1861 1400 Pom-

397 1434 452 1473 pis
472 1450 481 1463 ‚
509 1424 563 1458 seu
578 1423 846 1458 Processionibus
863 1449 872 1462 ,
893 1424 1021 1468 siptem
1039 1431 1101 1467 pro
1117 1419 1300 1466 Vesperis3
1322 1421 1384 1462 sex
1399 1427 1458 1461 pro
1473 1423 1575 1449 tertia
1590 1411 1716 1457 Pompa
1726 1411 1796 1447 diei
1810 1421 1861 1456 ις.

396 1471 491 1511 junii
508 1497 515 1504 .
546 1470 823 1505 Emolumentum
845 1468 951 1504 trium
980 1467 1162 1512 primarum
1186 1466 1413 1500 runciionum
1439 1461 1617 1508 &qualiter
1639 1458 1862 1494 dividebatur

395 1518 487 1553 inter
514 1517 719 1565 Dignitates
738 1543 747 1555 ,
772 1515 970 1552 Canonicos
990 1541 999 1553 ,
1021 1514 1255 1550 portionarios
1276 1540 1284 1551 .,
1311 1513 1343 1547 &
1360 1511 1580 1547 Sacerdotes,
1604 1508 1659 1553 qui
1674 1505 1751 1542 sunt
1763 1516 1863 1541 extra

396 1576 598 1604 numerum;
624 1566 897 1600 Emolumentuin
914 1574 999 1597 vero
1015 1562 1124 1598 tertiae
1144 1572 1272 1606 pompae
1290 1560 1344 1594 seii
1358 1556 1579 1592 Procefflonis
1601 1554 1674 1594 diei
1702 1565 1754 1593 15.
1767 1553 1860 1594 Junii

397 1612 615 1658 inaequaliter
629 1612 875 1647 dividebatur:
903 1610 997 1644 Duas
1010 1620 1120 1655 partes
1135 1608 1303 1642 tollebant
1319 1605 1378 1639 soli
1394 1601 1562 1639 Canonici
1576 1625 1587 1639 ‚
1604 1599 1744 1635 exclusis
1754 1601 1862 1636 etiam

394 1659 640 1706 Dignitatibus
655 1672 664 1697 3
695 1657 820 1694 Tertia
844 1669 927 1693 vero
940 1667 1014 1703 pars
1031 1655 1240 1702 inaequaliter
1255 1654 1375 1688 iterum
1391 1649 1609 1684 dividebatur
1621 1648 1711 1683 inter
1724 1647 1862 1691 Episco-

394 1717 504 1752 pum,
527 1709 586 1754 qui
610 1707 757 1742 tollebat
784 1707 980 1742 Carolenos
992 1702 1187 1749 quindecim
1202 1726 1211 1738 2
1237 1701 1266 1736 δι
1293 1698 1515 1744 Dignitatem,
1546 1694 1776 1730 Portiouarios
1791 1721 1800 1734 ‚
1826 1694 1859 1730 δι

396 1753 592 1787 Sacerdotes
614 1765 709 1788 extra
733 1764 914 1788 numerum
932 1777 942 1791 ,
972 1761 1028 1796 qui
1057 1748 1294 1794 percipiebant
1317 1746 1506 1780 Carolenos
1523 1742 1674 1785 quinque
1690 1769 1697 1777 .
1723 1745 1772 1775 At
1796 1753 1861 1775 an-

396 1811 445 1834 no
463 1810 563 1844 1745.
576 1802 648 1835 acta
671 1801 731 1836 lite
745 1800 779 1834 in
805 1801 868 1835 hoc
885 1801 988 1833 Sacro
1003 1795 1189 1830 Tribunali
1219 1796 1305 1828 inter
1316 1791 1516 1838 Capitulum
1531 1815 1541 1828 ,
1567 1789 1596 1823 &
1618 1788 1735 1822 Patres
1751 1787 1859 1822 Con-

394 1849 572 1882 ventuales
588 1874 597 1887 ‚
612 1848 741 1882 auitum
756 1847 821 1882 suit
836 1844 1038 1894 stipendium
1053 1870 1063 1884 ,
1082 1842 1171 1891 quod
1184 1843 1327 1888 denique
1343 1850 1431 1880 anno
1448 1846 1549 1890 1747.
1563 1836 1780 1873 constitutum
1794 1834 1858 1871 suit

395 1894 621 1929 transactione
635 1894 722 1930 inita
735 1896 768 1929 in
784 1894 826 1930 sc.
846 1907 920 1929 100.

349 1942 399 1982 Ex
416 1941 480 1977 hoc
496 1951 703 1987 augumento
721 1942 872 1985 stipendii
890 1952 980 1976 nova
993 1941 1111 1976 eodem
1125 1951 1215 1975 anno
1243 1948 1338 1978 1747.
1354 1945 1470 1972 exorta
1483 1933 1530 1969 est
1551 1930 1777 1968 controversia
1802 1930 1855 1965 in-

397 1999 449 2024 ter
462 1987 684 2033 Capitulum..
711 1991 742 2025 δι
764 1989 931 2025 Clerum:
956 1990 1052 2024 dueta
1066 1988 1157 2022 enim
1174 1987 1281 2032 prima
1296 1986 1423 2029 Pompa
1436 1983 1489 2017 die
1502 1979 1647 2017 secunda
1661 1979 1831 2014 Paschatis
1845 2004 1857 2018 ,

397 2035 592 2071 Rationalis
605 2036 764 2082 Capituli
793 2038 1059 2071 emolumentum
1082 2034 1260 2082 aequaliter
1286 2031 1502 2078 partiendum
1526 2026 1659 2073 scripsit
1678 2025 1771 2060 inter
1784 2025 1856 2059 Ca-

396 2085 534 2119 nonicos
548 2110 558 2123 ,
586 2083 786 2129 Dignitates
802 2110 811 2124 ‚
837 2083 1072 2119 portionarios
1086 2106 1095 2119 ‚
1122 2084 1154 2117 3<
1170 2083 1361 2116 Sacerdotes
1375 2087 1471 2113 extra
1499 2084 1696 2110 numerum.
1720 2073 1855 2107 Provo-

396 2139 519 2166 carunt
534 2130 577 2164 ab
599 2132 660 2165 hac
674 2130 838 2166 divisione
852 2130 1018 2166 canonici
1044 2129 1084 2165 ad
1112 2128 1317 2175 Episcopum
1333 2153 1343 2166 ‚
1364 2136 1473 2170 eoque
1499 2133 1580 2158 tunc
1595 2119 1730 2156 absente
1756 2145 1765 2159 2
1789 2120 1856 2154 de-

397 2177 511 2212 crevit
525 2177 691 2213 Vicarius
705 2178 890 2214 Generalis
907 2206 915 2218 ‚
946 2187 982 2213 ut
998 2176 1068 2218 ejus
1083 2177 1210 2210 reditus
1226 2175 1462 2221 expediaretur
1474 2198 1482 2207 .
1506 2169 1625 2203 Rediit
1650 2166 1830 2212 Episcopus
1845 2191 1856 2205 ,

398 2223 495 2258 duffia
520 2223 589 2265 iam
614 2224 755 2260 secunda
788 2227 914 2273 Pompa
930 2252 939 2264 ‚
967 2224 1021 2259 seu
1036 2223 1267 2262 Proceflione‚
1296 2221 1469 2265 tertiaque
1483 2217 1700 2251 imminente.
1737 2214 1857 2248 Postu*

399 2270 519 2306 labant
541 2270 709 2306 Canonici
732 2274 899 2317 duplicem
920 2271 1018 2312 hujus
1043 2270 1240 2317 augumenti
1267 2267 1324 2303 sibi
1346 2266 1416 2302 dari
1439 2262 1659 2311 portionem;
1686 2260 1856 2296 Decrevit

398 2317 608 2366 Episcopus,
633 2328 669 2352 ut
692 2319 898 2353 Procurator
915 2318 1070 2363 Capituli
1089 2343 1112 2356 ‚‚
1136 2316 1308 2351 divideret
1329 2313 1507 2348 secundum
1524 2309 1659 2344 (oiim-m
1678 2308 1855 2354 antiquum

398 2389 422 2403 2,
447 2364 644 2410 stipendium
661 2365 924 2410 proveniendum
940 2375 1010 2399 tam
1025 2376 1084 2411 pro
1101 2363 1207 2399 tribus
1230 2360 1489 2397 Proceffionibus
1503 2383 1512 2396 ‚
1540 2367 1641 2401 quam
1655 2366 1716 2402 pro
1732 2354 1853 2399 Vespev

398 2437 422 2451 2,
447 2412 491 2446 ris
509 2414 726 2458 peragendis,
755 2413 787 2448 &
815 2415 1070 2458 Augumentum
1094 2409 1301 2457 depositetui·
1325 2417 1428 2454 penes
1452 2406 1581 2439 Arcam
1604 2402 1743 2448 depositi
1766 2401 1852 2437 dieti

400 2483 423 2499 2,
448 2457 630 2504 Capituli,
653 2460 745 2495 salva
760 2459 953 2505 provisione
974 2459 1129 2494 facienda
1153 2458 1243 2492 circa
1258 2454 1406 2498 eiusdem
1420 2459 1617 2497 augumenti
1640 2448 1852 2485 distributio—

398 2529 421 2543 „
445 2516 524 2540 nem
547 2532 569 2545 ‚‚
600 2508 715 2553 Atque
737 2507 800 2542 hoc
824 2507 1012 2542 Decretum
1028 2507 1070 2540 ab
1085 2504 1249 2550 Episcopo
1270 2500 1509 2537 confirmatum
1535 2497 1601 2533 fuit
1619 2495 1689 2532 alio
1721 2496 1852 2530 Decre-

400 2559 437 2585 ιο
450 2573 461 2584 .
483 2552 577 2597 Qia
591 2565 672 2588 vero
686 2566 721 2588 in
733 2554 874 2589 dubium
889 2554 1046 2589 revocari
1059 2564 1128 2587 non
1142 2560 1282 2598 poterat
1297 2547 1403 2583 tertiae
1419 2544 1635 2582 Proceffionis
1649 2542 1854 2578 emolumen-

400 2606 474 2631 tum
487 2599 556 2632 dari
578 2599 722 2635 sueviffe
737 2612 795 2645 pro
815 2600 946 2646 duplici
974 2599 1132 2646 portione
1148 2595 1333 2633 Canonicis
1346 2621 1357 2638 ‚
1383 2595 1458 2629 ideo
1472 2592 1573 2628 iidem
1586 2588 1754 2626 Canonici
1769 2600 1854 2624 cen·

402 2643 508 2679 sentes
522 2646 669 2680 eamdem
689 2647 936 2683 distributionis
951 2646 1147 2682 methodum
1160 2645 1357 2680 servandam
1369 2640 1433 2676 esse
1443 2639 1547 2676 etiam
1562 2638 1596 2673 in
1615 2646 1848 2680 augumento,

404 2689 615 2743 ROstUlafflm
629 2693 773 2732 eiusdem
787 2694 983 2740 augumenti
995 2694 1222 2732 solutionem,
1246 2690 1413 2725 reservata
1437 2685 1633 2733 cognitione
1652 2682 1693 2717 de
1723 2681 1853 2728 stipen-

401 2740 460 2780 dlo
475 2737 615 2778 aliatum
627 2739 835 2780 functionum
856 2744 895 2778 ad
911 2741 1001 2780 aliud
1024 2741 1212 2785 judicium.
1238 2741 1289 2775 At
1312 2735 1495 2784 Episcopus
1511 2758 1522 2773 ,
1544 2728 1697 2778 deposito
1706 2729 1847 2817 flliuidicis

1683 2788 1705 2815 o
1742 2787 1809 2817 co,
