1978 3017
60 2041 146 2084 Sese.
155 2049 211 2086 240
221 2051 250 2076 c.
260 2047 310 2076 iz.

35 2089 75 2124 ‹ec
93 2088 165 2135 Res·
191 2120 211 2135 ,

39 2393 79 2428 de
94 2392 162 2439 ΙΨ

378 121 449 192 sige
463 155 604 188 Sacrum
628 144 803 183 Tribunal
818 142 986 187 rescripto
1005 140 1160 186 gaudeat
1175 136 1374 183 impr-cratis
1390 159 1399 172 ,
1423 133 1513 178 quod
1540 134 1747 180 term-mmm
1777 145 1867 168 con„

384 203 563 238 firmatum
580 195 651 231 fuit
668 204 757 229 anno
774 199 870 237 1739·
886 189 1008 224 Novas
1024 197 1115 220 nunc
1140 182 1269 220 obtulit
1283 191 1401 227 preces
1417 179 1622 224 Capitulum
1636 207 1646 220 ,
1673 182 1704 217 δι
1720 181 1866 226 postulas

386 247 590 284 facultatem
606 241 664 276 fibi
677 239 748 275 dari
764 235 924 282 erogandi
939 236 974 270 in
989 232 1154 270 Musicani
1170 230 1258 266 alios
1274 228 1487 275 Philippaeos
1501 238 1582 273 30⁰·
1593 227 1683 262 ultra
1696 229 1773 263 illos
1784 240 1867 274 400.

382 309 421 331 ex
440 291 637 329 redditibus
660 285 886 323 haereditariis
904 309 915 322 ‚
935 281 1071 326 quotics
1096 289 1212 315 tamen
1226 275 1401 312 necessitas
1418 274 1452 309 id
1478 274 1614 311 suadeat
1632 300 1642 313 ‚
1670 276 1700 310 δι
1716 276 1783 310 alia
1810 287 1867 311 sa-

382 344 478 378 tione
492 338 663 386 perfectus
690 333 752 369 ille
770 330 980 368 Muficorum
993 329 1131 365 Chorus
1145 352 1156 367 ,
1180 336 1283 372 quem
1299 322 1463 359 Testator
1477 320 1671 368 designavit
1686 348 1697 362 ,
1722 322 1860 358 retineri

378 401 447 425 non
493 387 598 423 offit.

330 399 490 476 Audituls3
516 431 702 479 Episcopus
728 426 925 474 rescripsit,
950 423 1185 460 haereditatem
1211 419 1380 455 Paltriam
1408 444 1418 458 ,
1442 415 1565 452 solutis
1586 415 1655 458 iam
1672 442 1683 457 ,
1705 415 1863 463 pluribus

380 483 503 531 legatis
517 482 561 516 ad
589 480 702 515 vitam
727 474 857 511 relictis
873 500 883 514 ,
908 473 940 507 &
972 471 1059 507 sacta
1085 468 1360 515 reintegratione
1378 492 1388 506 ,
1412 476 1515 511 quam
1540 464 1653 498 voluit
1679 462 1865 503 Tl‘estator,

377 531 557 567 ascendere
571 529 610 562 ad
629 526 715 560 scut.
741 524 867 560 26000.
886 546 896 560 ‚
923 517 1124 554 &redditus
1148 517 1248 559 hujus
1271 515 1342 549 assis
1367 523 1496 548 annuos
1513 510 1578 546 effe
1603 511 1639 545 in
1658 511 1743 546 scut.
1767 521 1866 549 1300.

375 579 541 615 circiter,
569 577 659 609 itaut
680 569 846 607 detractis
860 566 1044 612 impensis,
1068 566 1102 600 8(
1118 563 1318 610 Philippaeis
1335 560 1408 596 illis
1433 570 1514 600 400.
1537 584 1560 598 ‚‚
1586 557 1748 604 supersint
1771 556 1864 592 scuta

376 652 399 667 „
425 636 507 666 700·
522 621 668 658 circiter
683 646 693 659 ,
723 629 797 662 quae
813 616 919 662 usque
933 625 1023 649 nunc
1037 625 1054 647 a
1074 610 1246 658 Capitulo
1268 607 1452 655 aliquoties
1476 617 1544 642 non
1560 605 1625 640 fine
1641 616 1765 652 magna
1777 604 1863 639 diffi-

375 700 400 714 ,,
425 671 558 706 cultate
572 676 717 714 erogata
730 665 872 700 fuerunt
902 663 940 698 in
956 661 1192 697 celebratione
1217 654 1395 695 mistarum
1409 655 1455 690 ob
1475 653 1714 689 deficientiam
1743 652 1866 686 Sacer-

376 745 400 762 „
427 718 547 753 dotum
561 743 569 751 .
600 716 716 759 censet
731 715 845 759 igitur
864 710 1048 758 Episcopus
1066 709 1303 756 Amplissimos
1322 710 1452 738 ‘Patres
1466 700 1628 736 Oratoris
1643 699 1801 746 precibus
1816 699 1867 734 in-

373 792 402 810 ,,
424 765 570 811 dulgere
583 762 676 809 poss'e
692 787 701 800 ,
726 770 765 793 ac
782 758 983 805 benigniter
1009 755 1216 801 permittere
1235 749 1492 797 affignationem
1517 749 1666 783 aliorum
1689 747 1867 782 scutorum

373 840 400 855 „
426 811 544 846 saltem
566 816 808 846 trecentorum
823 816 884 852 pro
910 803 1174 838 manutentione
1200 798 1289 835 dicti
1319 794 1496 832 Muficalis
1522 794 1639 829 Chori
1662 819 1674 830 .
1699 796 1866 842 Qtiones

374 887 399 902 2,
426 868 541 895 autem
555 885 565 899 ,
579 858 712 906 quibus
724 857 758 890 in
775 855 863 889 hanc
877 852 1199 894 venitsententiam
1215 873 1226 887 ‚
1251 845 1362 889 refert
1379 843 1435 879 hes
1453 841 1575 892 verbis
1590 865 1601 879 ‚
1618 841 1732 886 primo
1748 865 1758 878 ,
1785 840 1867 886 quia

375 935 399 950 „
424 906 563 942 videtur
591 904 757 939 Testator
787 913 855 946 prae
887 896 1023 935 caeteris
1050 896 1208 932 omnibus
1240 891 1367 938 legatis
1397 915 1408 930 ,
1436 890 1468 925 &
1495 886 1798 933 dispositionibus,
1829 899 1868 923 ac

376 983 400 998 ³,
426 954 534 988 etiam
549 951 728 990 Missarum
751 946 1050 983 celebrationibus
1079 940 1306 991 praedilexisse
1333 936 1521 985 praesatum
1546 935 1688 970 Muficae
1712 934 1869 971 Chorum

377 1029 402 1044 ,‚
425 1001 490 1037 &e
508 999 664 1035 Secundo
679 1024 689 1037 ,
710 996 796 1039 quia
820 992 1036 1040 impossibilis
1059 990 1144 1026 alias
1161 990 1206 1025 est
1230 986 1418 1033 exequutio
1441 982 1644 1019 intentionis
1670 979 1776 1029 ipfius
1791 980 1872 1017 Te-

375 1077 402 1094 „
426 1047 561 1082 statoris
574 1071 585 1085 ,
609 1056 677 1090 qua
693 1042 871 1077 mandavit
887 1039 1053 1075 Praefecto
1067 1038 1209 1072 Muficae
1225 1037 1398 1072 Alumnos
1415 1032 1581 1068 instruere
1595 1029 1780 1075 praeceptis
1791 1028 1874 1065 Mu-

378 1124 402 1138 „
429 1092 501 1129 ficae
525 1094 595 1128 διε.
611 1090 740 1126 Tertio
762 1116 772 1129 ,
797 1089 877 1134 quia
902 1085 1063 1122 detractis
1075 1096 1117 1120 ex
1131 1095 1246 1119 annuo
1260 1088 1429 1127 proventu
1449 1080 1543 1114 dictae
1558 1075 1772 1113 haereditatis
1791 1077 1871 1111 scu-

378 1171 405 1185 „
427 1142 472 1176 tis
494 1150 568 1180 300.
587 1151 647 1185 pro
663 1137 803 1173 Muficae
818 1134 941 1171 Choro
957 1160 968 1174 ‚
998 1142 1119 1179 praeter
1133 1133 1202 1178 jam
1217 1130 1382 1176 afflgnata
1405 1154 1415 1167 ,
1437 1126 1553 1162 adhue
1564 1125 1646 1160 scut.
1661 1133 1742 1164 400.
1759 1123 1871 1168 super-

431 1188 510 1224 sunt
526 1198 596 1233 pro
620 1185 773 1222 totidem
800 1181 976 1218 missarum
1008 1179 1243 1216 celebratione
1260 1203 1284 1217 ‚,
1308 1186 1381 1222 quae
1404 1174 1507 1209 habet
1530 1172 1739 1218 Episcopus,
1763 1170 1870 1206 latius

380 1219 404 1233 ΞΣ

380 1234 568 1281 exequitur
591 1233 796 1279 Capitulum
810 1232 922 1278 longo
936 1228 1059 1264 libello
1077 1255 1088 1269 ,
1109 1238 1179 1274 quo
1206 1226 1315 1265 leeto,
1344 1228 1506 1270 poterunt
1532 1218 1609 1255 Emi
1638 1219 1758 1257 Patres
1787 1217 1872 1254 Du-

380 1286 478 1322 bium
494 1308 505 1323 ,
522 1283 618 1329 quod
643 1281 821 1328 sequitur,
842 1277 1009 1324 expedire
1028 1303 1037 1312 .
1709 1295 1712 1298 .

336 1333 449 1376 ,Anfzt
465 1332 678 1367 annuendum
689 1331 812 1376 petita
822 1327 995 1371 facultati
1025 1322 1188 1370 erogandi
1208 1333 1254 1357 ex
1269 1317 1462 1358 redditibus
1476 1315 1694 1354 haereditatis
1720 1313 1871 1349 ‘Paltriae

379 1382 487 1428 juxta
515 1379 731 1423 indigentias
767 1375 877 1410 aliam
901 1373 1066 1419 majorem
1084 1371 1319 1418 quantitatem
1335 1367 1439 1413 usque
1455 1364 1674 1407 adsummam
1683 1361 1772 1405 scut.
1787 1370 1871 1406 300,

385 1427 682 1470 {thrason-¹400.
697 1422 772 1469 jam
787 1421 947 1468 affignata
954 1428 1024 1467 pro
1051 1419 1307 1454 manutentione
1324 1415 1425 1450 chori
1447 1409 1622 1453 Muficalis
1641 1411 1677 1445 in
1703 1408 1782 1453 casu
1796 1412 1872 1445 &a

442 1518 667 1557 Affirmative
684 1528 754 1566 pro
767 1515 872 1552 scutis
894 1523 1088 1552 trecentum
1102 1514 1248 1550 durante
1272 1506 1465 1556 indigentia
1480 1503 1626 1541 arbitrio
1640 1488 1798 1550 Episcopi
1813 1525 1825 1539 0

559 1628 687 1696 Die
718 1626 1003 1696 Sabbathi
1053 1652 1074 1692 1
1094 1645 1148 1709 5.
1185 1618 1414 1708 Aprilis
1461 1640 1484 1682 1
1498 1635 1573 1698 75
1589 1634 1645 1679 2.

347 1804 441 1890 D
458 1803 541 1839 UAE
554 1829 565 1844 ‚
589 1815 666 1853 quae
681 1800 808 1839 subiici
815 1812 890 1836 mus
905 1827 916 1842 ,
932 1799 1054 1836 Causae
1072 1825 1083 1839 ‚
1100 1797 1137 1834 in
1154 1798 1278 1835 ultima
1294 1790 1500 1840 Ampliffimi
1513 1785 1660 1839 Ordinis
1675 1791 1871 1834 congrega-

470 1855 564 1888 tione
580 1852 701 1886 habita
716 1852 770 1886 die
785 1861 799 1884 1
811 1862 840 1885 1.
856 1847 1015 1883 transacti
1028 1846 1145 1889 mensis
1164 1845 1291 1881 Martii
1305 1841 1531 1877 obtinuerunt
1545 1863 1556 1876 ‚
1571 1845 1609 1871 ut
1636 1845 1672 1869 1n
1701 1834 1765 1870 hac
1784 1840 1871 1871 Con-

390 1903 600 1948 gregatione
626 1905 921 1945 proponet-eumn
942 1894 1125 1941 Rogamus
1152 1893 1264 1940 igitur
1285 1885 1575 1925 Eminentissimos
1588 1882 1703 1918 Patres
1722 1906 1734 1922 ³
1761 1889 1801 1918 ut
1822 1881 1862 1918 ad

394 1958 453 1983 eas
475 1947 703 1995 expediendas
717 1946 850 1982 Folium
865 1944 969 1980 illius
986 1943 1269 1990 congregationis
1280 1939 1409 1974 iterum
1426 1931 1614 1971 consulant
1633 1956 1643 1967 .

352 2041 462 2127 M
478 2089 711 2127 ARSICEN.
736 2083 1062 2124 RESIDENTIAE
1077 2109 1088 2124 ‚
1113 2083 1212 2127 cujus
1228 2080 1388 2118 Dubium
1400 2076 1449 2115 est
1460 2103 1469 2114 .

351 2137 626 2182 „Ansitflandum
640 2165 652 2179 ‚
679 2139 740 2175 vel
754 2136 974 2173 recedendum
990 2146 1011 2168 a
1027 2131 1143 2184 decisis
1160 2133 1196 2168 in
1205 2130 1280 2175 casu
1296 2133 1371 2166 &a
1457 2164 1460 2165 γ

494 2232 536 2269 In
551 2232 698 2273 decifis,
723 2232 757 2267 &
783 2232 930 2279 amplius
946 2253 958 2266 .

446 2376 500 2412 dis
524 2384 642 2413 utatur
668 2399 681 2411 .
1788 2378 1792 2382 '

352 2431 412 2461 An
430 2389 656 2468 Mafffionarii
685 2424 726 2458 de
750 2423 926 2458 oliveriis
951 2427 1136 2456 teneantur
1158 2418 1192 2451 in
1214 2407 1482 2459 solemnioribus
1503 2407 1586 2441 anni
1601 2398 1869 2444 Festivitatibus

399 2473 439 2508 de
455 2473 645 2509 nominatis
657 2468 691 2505 di
705 2468 935 2515 Prerogativa
951 2465 1168 2504 cathedralis
1184 2458 1454 2507 Forosempronii
1486 2454 1589 2490 choro
1615 2448 1774 2505 interesse
1787 2473 1799 2488 2
1824 2450 1867 2484 Φ

401 2519 539 2562 affistere
553 2523 589 2556 in
601 2518 777 2566 qualitate
792 2515 940 2553 Diaconc'
953 2539 964 2554 2
990 2518 1034 2552 &¹
1050 2511 1256 2549 subdiaconi
1268 2506 1453 2554 Dignitati
1466 2528 1477 2543 ,
1489 2501 1551 2547 seu
1568 2500 1730 2537 canonico
1745 2519 1757 2537 2
1786 2500 1869 2546 Ept-

391 2566 431 2610 sc
435 2579 494 2613 ⁰1²⁰
507 2568 692 2612 impedito,
698 2568 836 2614 primas
852 2565 1020 2614 Vesperas
1035 2558 1233 2602 celebranti
1246 2557 1284 2595 in
1296 2553 1378 2600 cafit
1395 2555 1472 2590 &c-

63 2344 266 2388 ἔφηῶ
281 2355 315 2392 3,
353 2324 877 2414 FoRosEMPRoNJEN.
902 2319 1117 2362 sEthTn
1141 2316 1305 2355 enom
1334 2340 1345 2355 ‚
1380 2311 1448 2351 ET
1473 2304 1719 2385 ecetssstffi
1743 2306 1779 2342 in
1804 2317 1870 2354 qua

499 2659 721 2699 Affirmative
739 2685 752 2700 .

1705 2775 1823 2814 1.ῑῦ-
