1978 3017
220 169 266 202 94
621 150 830 187 INDEX
867 146 1391 185 CONCLUSIONUM

217 214 276 239 cus
303 200 481 239 Ecclefiae,
507 198 567 245 qui
597 210 675 233 ante
704 199 842 243 plenum
872 197 974 231 finem

1224 200 1344 229 AD?
1374 199 1648 232 OTsl‘TIO.v

219 250 404 296 primarum
422 242 636 292 vesperarum
650 245 874 280 residentialis
904 244 973 279 sesti
1023 244 1086 278 Hae
1100 241 1329 278 resolutiones
1343 241 1520 277 fundantur
1547 243 1581 276 in
1606 243 1817 286 dispositionis
1841 262 1847 268 ·

217 300 252 332 S.
263 297 400 338 joannis
415 293 564 337 Baptistae
579 294 597 328 ὲ
611 293 700 328 vivis
714 291 888 327 decesserit
902 303 974 325 om·-

222 345 319 380 nibus
334 341 560 389 proventibus
576 340 644 387 post
659 340 747 375 idem
775 338 890 375 festum
910 338 974 373 ob-

220 399 373 427 venturis
386 398 498 424 carere
513 389 631 423 debeat
646 413 655 426 ‚
679 386 702 421 si
717 397 798 421 vero
816 387 916 432 usque
933 385 972 419 ad

220 437 321 474 finem
338 436 518 481 primarum
540 435 752 481 vesperarum
777 434 972 478 supervixe—

221 485 269 521 rit
283 511 292 524 ,
315 484 348 518 8<
363 494 576 530 quocumque
594 492 745 526 tempore
760 481 827 526 post
850 481 974 515 ditium

222 530 340 567 festum
364 529 541 566 decesserit
557 557 566 570 ,
594 530 717 565 fructus
739 540 857 564 omnes
882 527 977 561 illius

222 578 303 613 anni
317 604 325 616 ‚
350 579 454 612 immo
481 575 720 624 Capitularem
752 576 977 620 portionem-2

219 626 442 670 consequatur
470 628 645 660 Treviren.
665 624 838 665 frustatim
857 631 895 669 p.
922 630 976 665 39.

224 674 257 708 &
279 672 459 707 resolvitur
483 683 542 720 pro
570 669 758 713 haeredibus
783 669 822 705 ad
850 681 877 704 1.
900 667 977 709 dub„

245 734 261 752 a
291 744 298 752 .
310 730 329 759 4
338 730 373 761 9.

176 728 241 803 Atti
250 733 436 807 hgujusmodi
453 765 612 801 statutum
626 763 882 808 comprehendat
904 762 977 796 De-

225 825 348 849 canum
364 811 543 850 Ecclesiae;
572 810 755 857 Respondit
773 808 977 844 Eminentis-

226 860 322 896 simus
341 859 624 905 Archiepiscopus
638 885 647 898 ,
671 859 700 892 ὅ(
731 857 862 892 Elector
884 857 980 891 Tre-

226 906 363 942 virensis
378 907 538 941 statutum
555 906 645 952 loqui
664 905 706 940 de
719 904 906 940 canonicis
921 930 930 943 ‚
947 905 978 938 δι

227 954 277 990 ita
288 954 520 1000 accipiendum
533 952 596 988 esse
609 963 676 986 non
689 953 727 986 de
741 952 910 989 Decanis;
925 950 979 985 sed

229 1003 439 1036 contrarium
453 1001 554 1035 etiam
570 999 636 1035 dici
666 998 772 1043 potest
787 1026 794 1038 ,
821 1010 896 1033 nam
921 997 981 1031 sta-

226 1056 337 1083 tutum
366 1047 537 1083 emanavit
559 1047 598 1081 ad
623 1046 791 1080 tollendas
817 1045 894 1080 lites
913 1070 923 1083 ,
949 1045 980 1079 &

225 1096 384 1131 scandala
401 1119 412 1134 ‚
433 1107 506 1140 quae
521 1094 608 1128 ratio
625 1105 719 1139 aeque
732 1093 893 1127 convenit
910 1093 981 1127 De-

222 1143 315 1178 canis
329 1169 339 1182 ,
362 1155 400 1179 ac
412 1141 597 1177 Canonicis
618 1142 646 1182 ᾗ.
666 1140 771 1176 Obiit.
799 1147 828 1179 §.
853 1143 980 1186 ‘Neque

218 1198 258 1236 p·
272 1200 326 1236 39·
344 1191 470 1236 &sete

179 1238 238 1274 An
253 1247 313 1281 pro
325 1246 473 1281 tempore
488 1236 607 1271 futuro
620 1234 729 1282 quoad
742 1233 904 1277 ejusmodi
918 1232 979 1267 sta·

226 1293 337 1319 tutum
355 1284 515 1319 servanda
532 1283 569 1318 fit
584 1283 754 1318 ordinatio
773 1279 980 1316 Eminentis-

223 1331 299 1366 fimi
317 1331 578 1378 Archiepiscopi
593 1330 753 1365 Electoris
767 1355 776 1368 ,
795 1328 850 1364 seu
866 1329 981 1374 potius

223 1378 428 1414 consuetudo
440 1383 616 1416 Treviren.
625 1378 799 1422 frthmm
812 1377 854 1410 ad
864 1385 894 1411 2.
906 1375 984 1412 dub.

220 1434 302 1472 pag·
316 1438 375 1472 49·

179 1472 269 1510 Vide
285 1476 319 1509 in
336 1472 440 1509 verbo
450 1474 587 1516 fractius
606 1472 821 1508 canonicales
834 1497 844 1511 ‚
870 1474 980 1517 quoad

230 1520 501 1565 transmiffionem
519 1543 531 1558 2
559 1521 862 1568 &pertinentiam
881 1541 891 1552 .

331 1613 553 1651 SUssSlDIA
580 1611 815 1650 DOTALIA
828 1640 837 1649 .

184 1711 451 1757 Augumentum
471 1718 611 1746 monetae
637 1710 835 1754 proveniens
859 1719 901 1743 ex
915 1707 986 1743 sru-

227 1758 333 1793 &ibus
347 1757 522 1802 adsignatis
537 1770 595 1802 pro
620 1756 764 1791 subsidio
787 1756 895 1791 dotali
920 1755 978 1790 tri-

225 1805 360 1841 buenda
376 1805 451 1839 sunt
467 1805 587 1850 puellis
605 1830 612 1841 ,
638 1815 748 1849 neque
763 1804 798 1837 in
810 1803 892 1838 alios
908 1803 978 1848 pios

227 1852 302 1887 usus
327 1860 447 1887 contra
469 1852 682 1886 voluntatem
708 1849 875 1885 testatoris
898 1860 979 1885 con-

225 1901 313 1934 verti
339 1897 466 1945 possunt
490 1898 523 1944 ᾧ.
551 1900 641 1934 Illud
660 1908 695 1946 p.
713 1908 745 1938 7.
776 1902 818 1934 (φ
845 1899 880 1933 in
905 1900 978 1941 ‘Ja-

228 1958 321 1983 nuen.
356 1952 430 1993 Cap]
444 1948 650 1983 ell.zniarum
664 1958 700 1992 p.
718 1956 752 1987 9.
777 1946 819 1978 ad
830 1946 864 1978 6.
881 1944 960 1979 dub.

183 1994 242 2031 An
257 1992 391 2029 subsidia
406 1993 535 2028 dotalia
548 1991 662 2027 debita
677 1991 841 2027 sororibus
856 1991 896 2025 de
912 1990 983 2025 Ru-

228 2042 300 2078 beis
315 2040 375 2075 sint
388 2040 532 2075 taxanda
546 2067 556 2080 ,
579 2040 658 2075 &in
677 2050 740 2085 qua
756 2038 882 2073 summa
898 2037 979 2072 vide

230 2090 267 2123 in
282 2097 424 2128 Romana
434 2087 652 2130 subsid'orum
678 2087 844 2121 ditalium
868 2094 904 2132 p.
924 2094 976 2124 27.

233 2136 265 2170 &
298 2134 485 2170 remittitur
518 2132 782 2169 Eminentissimo
823 2131 980 2168 Praefeuo

255 2198 270 2215 i:
299 2208 306 2216 .
321 2187 377 2222 48·

184 2195 331 2265 δυξῖἶξὶει
357 2229 488 2264 dotalia
511 2229 529 2262 a
554 2227 708 2265 testatore
740 2226 933 2273 praescripta
947 2226 983 2260 in

228 2286 322 2312 certa
336 2275 526 2322 quantitate
540 2286 599 2320 pro
612 2276 836 2310 attinentibus
851 2274 886 2308 in
899 2273 980 2308 scut,

232 2334 283 2364 50.
306 2325 334 2357 δι
350 2335 412 2368 pro
426 2334 493 2357 non
519 2323 745 2357 attinentibus
765 2322 799 2355 in
821 2319 903 2355 scut.
926 2331 982 2365 4ο,

230 2370 470 2405 commutanda
485 2381 550 2404 non
563 2368 627 2404 esse
644 2396 655 2409 ,
679 2378 716 2404 ut
734 2379 850 2413 nempe
864 2378 920 2412 per
933 2367 982 2401 in-

230 2416 472 2451 vestimentum
483 2425 668 2462 augeantur
683 2428 742 2462 pro
755 2414 924 2450 nobilibus
939 2413 983 2449 ci-

230 2463 349 2498 vitatis
369 2462 539 2498 imolensis
555 2463 658 2509 usque
674 2463 713 2497 ad
728 2462 807 2498 scut.
825 2473 900 2508 500.
923 2473 984 2507 pro

230 2510 365 2544 civibus
381 2511 479 2556 usque
492 2512 530 2544 ad
543 2510 583 2545 sc.
603 2521 682 2550 300.
696 2512 725 2544 &
743 2520 803 2554 pro
829 2510 905 2543 aliis
929 2508 983 2543 us-

232 2568 297 2601 que
311 2555 354 2590 ad
384 2557 466 2592 scut.
483 2568 534 2598 50.
553 2557 736 2604 responsum
757 2555 820 2595 fuit
846 2556 881 2591 in
899 2561 985 2592 Imo-

196 2608 197 2611 ’
233 2604 287 2638 len
309 2615 347 2648 p.
361 2614 416 2649 41.
433 2616 504 2638 cum
515 2605 588 2650 seq.

186 2647 338 2684 Subsidia
351 2649 476 2684 dotalia
491 2661 556 2683 non
580 2651 655 2686 sunt
682 2651 875 2686 reducenda
891 2675 902 2689 ,
928 2650 986 2685 seu

233 2695 457 2741 suspendenda
477 2703 618 2742 Romana
639 2698 856 2740 subsidiorum
883 2700 985 2733 dota-

234 2744 365 2792 liump.
379 2752 434 2789 27.
448 2747 491 2780 ζῇ*
502 2752 542 2790 p.
559 2743 616 2784 48.
630 2746 673 2779 ad
689 2755 712 2778 i.
729 2745 809 2785 dub„

1068 291 1182 336 legum
1198 290 1357 324 civilium
1372 318 1380 329 ,
1410 301 1487 323 nain
1500 290 1589 324 ratio
1601 280 1818 328 subsidiorum

1067 337 1237 373 dotalium
1253 338 1417 381 praecipua
1435 336 1480 371 est
1494 363 1504 375 ,
1529 338 1561 371 δι
1584 337 1713 375 summa
1726 367 1736 380 ,
1755 339 1817 374 ἰιῐι-

1070 396 1125 419 ino
1136 382 1273 430 publice
1288 383 1422 417 interest
1445 382 1582 418 subsidia
1598 385 1727 422 dotalia
1747 397 1819 420 mu-
1969 393 1976 434 i

1072 431 1210 466 lieribus
1225 431 1413 465 conservari
1430 456 1439 467 ‚
1463 442 1500 465 ac
1515 429 1672 467 foeminas
1688 434 1819 473 dotatas

1072 478 1137 512 esse
1150 479 1188 511 ad
1214 480 1453 521 procreandam
1471 477 1622 513 sobolem
1640 482 1752 527 l.i.ff.
1768 482 1822 524 so-

1073 527 1136 561 lut.
1152 534 1253 561 matr.
1268 527 1292 561 l.
1308 537 1336 561 i.
1350 530 1392 563 ξφ
1406 535 1471 560 tot.
1484 527 1542 561 tit.
1552 527 1595 572 ff.
1608 529 1730 574 dejur.
1752 529 1822 565 dot,

1381 572 1466 660 T
1966 602 1978 679 i.

1191 712 1434 753 TAXATIO
1451 739 1462 753 ,
1488 714 1635 755 TAXA
1653 742 1663 751 .

1030 762 1125 845 A
1143 761 1359 798 Bbatiarum,
1380 761 1412 795 &
1426 759 1667 797 beneficiorum
1680 774 1738 808 pro
1756 775 1828 800 ma-

1162 809 1363 845 nutentione
1389 806 1565 842 Seminarii
1593 808 1631 842 fit
1659 811 1830 852 rationem

1077 858 1180 892 trium
1196 883 1206 897 ‚
1233 856 1290 891 vel
1306 855 1451 901 quinque
1465 866 1523 900 pro
1538 855 1695 900 quolibet
1709 867 1827 892 cente-

1075 905 1169 940 nario
1181 907 1209 946 ᾗ.
1225 908 1331 950 vrget
1339 916 1373 949 p.
1389 907 1443 941 46.
1458 910 1613 937 tenentur
1626 903 1828 938 contribue-

1075 963 1112 987 re
1121 952 1226 987 etiam
1243 949 1442 995 penfionarii
1456 974 1466 988 ,
1480 959 1599 984 contra
1611 960 1692 996 quos
1706 950 1831 986 titulae

1076 1000 1120 1033 ris
1141 1010 1239 1044 agere
1254 996 1361 1044 potest
1382 997 1462 1031 [bid.
1481 999 1512 1036 ξ.
1527 997 1694 1044 pensimes
1709 1020 1720 1031 .

1029 1047 1210 1081 Tenentur
1225 1055 1357 1092 quoque
1375 1044 1585 1078 contribuere
1603 1044 1756 1088 regulare
1769 1069 1779 1083 ,
1804 1043 1829 1079 fi

1077 1092 1223 1128 redditus
1239 1090 1313 1137 ipsis
1326 1089 1485 1136 adsignati
1502 1089 1563 1124 sint
1578 1102 1638 1137 pro
1651 1101 1803 1138 congrua
1815 1117 1826 1131 ‚
1875 1088 1884 1107 ³·

1076 1141 1169 1176 secus
1184 1138 1205 1173 fi
1220 1138 1310 1174 sedes
1324 1137 1519 1182 Apostolica
1535 1150 1575 1172 ex
1591 1136 1689 1171 causa
1710 1149 1826 1173 vert,-

1074 1187 1212 1223 onerosa
1240 1184 1409 1220 Beneficia
1433 1210 1443 1224 ,
1478 1185 1509 1219 &
1534 1185 1658 1224 reditus
1694 1182 1831 1223 indulsit

1076 1235 1156 1270 ibid.
1174 1233 1207 1280 ᾧ
1223 1237 1378 1279 Longe&
1395 1234 1430 1266 in
1446 1232 1723 1276 Terracinen0fi2u
1739 1234 1830 1268 Seti-

1077 1294 1119 1318 na
1140 1285 1287 1328 Taxaep.
1303 1287 1360 1324 σς.
1375 1279 1418 1313 ad
1434 1288 1461 1313 1.
1475 1279 1549 1314 dub.

1030 1329 1132 1364 Taxa
1147 1326 1268 1363 favore
1288 1325 1466 1361 Seminarii
1489 1325 1532 1360 de
1554 1325 1627 1367 jure
1653 1324 1830 1362 sustinetur

1083 1376 1360 1457 Terra6cinen.seu
1379 1374 1496 1413 Setina
1524 1377 1621 1410 Taxae
1637 1376 1678 1408 ad
1699 1383 1732 1409 2.
1753 1373 1832 1409 duh·

1075 1432 1156 1471 pag.
1201 1433 1228 1463 ς.

1033 1461 1134 1507 Taxa
1148 1469 1265 1505 favore
1280 1466 1461 1504 Seminarii
1476 1466 1678 1503 executioni
1691 1465 1832 1501 manda-

1081 1527 1137 1552 tur
1154 1529 1214 1563 pro
1228 1526 1378 1561 ternpore
1402 1514 1580 1561 praeterito
1593 1525 1670 1549 cum
1689 1524 1830 1550 onera.-

1081 1564 1235 1647 firznandi
1250 1563 1370 1598 statum
1383 1563 1418 1597 in
1444 1561 1597 1597 futurum
1622 1564 1709 1597 Ibid.
1729 1564 1770 1595 ad
1800 1569 1832 1600 3,

1079 1615 1120 1647 du
1146 1639 1155 1648 .

1033 1659 1181 1706 Reliqua
1194 1658 1270 1695 vide
1292 1660 1326 1693 in
1354 1657 1460 1694 verbo
1490 1658 1738 1692 Seminarium.

1257 1702 1612 1738 TRANSLATiO.

1031 1753 1139 1789 Missae
1153 1751 1359 1800 quotidianae
1378 1753 1421 1786 ab
1434 1762 1499 1785 una
1515 1747 1656 1786 Ecclesia
1674 1749 1713 1782 ad
1728 1745 1830 1782 aliam

1073 1810 1189 1837 contra
1204 1809 1350 1834 mentem
1365 1796 1529 1833 testatoris
1545 1808 1608 1842 pro
1621 1804 1732 1841 gratia
1751 1791 1830 1829 fieri

1072 1860 1142 1884 non
1154 1848 1254 1883 debet
1279 1848 1458 1882 Taurinen.
1473 1844 1712 1880 celebrationis
1727 1844 1825 1886 Mijjct‘

1074 1898 1278 1943 quotidiam
1293 1895 1336 1928 ad
1350 1903 1381 1927 2.
1394 1892 1518 1940 dub.p.
1536 1892 1586 1931 36.
1606 1901 1677 1925 cum
1686 1890 1758 1935 seq.

1253 1939 1494 1976 TRANSAC
1507 1938 1588 1972 ΠΟ
1600 1960 1612 1972 .

1033 1989 1098 2026 Pro
1127 1988 1351 2034 impugnanda
1367 1985 1590 2021 transaetione
1617 1982 1729 2030 quoad
1757 1980 1828 2021 iura,

1077 2036 1291 2074 Parochialia
1311 2034 1398 2069 inter
1423 2031 1625 2078 Capitulum
1638 2057 1648 2071 ,
1676 2031 1707 2064 &
1723 2028 1830 2062 Vica-

1076 2088 1163 2121 rium
1179 2083 1349 2118 Curatum
1372 2080 1524 2116 Ecciefiae
1542 2076 1760 2126 cathedralis·
1774 2084 1829 2107 re-

1075 2132 1254 2178 quiruntur
1271 2127 1490 2174 probationes
1507 2138 1586 2162 cum
1612 2122 1829 2163 exhibitione

1077 2179 1242 2213 librorum
1263 2177 1402 2212 callien.
1416 2176 1592 2211 nuditatis
1620 2171 1827 2214 transac'tio-

1080 2225 1132 2262 m's
1147 2250 1157 2264 ,
1184 2221 1368 2269 &jurium
1384 2221 1683 2265 Parochialiump.
1706 2228 1734 2251 i.

1031 2271 1230 2307 Transactio
1248 2269 1333 2304 inita
1348 2270 1436 2304 inter
1450 2266 1655 2314 Capitulum
1677 2290 1687 2305 2
1711 2264 1744 2302 ὃς
1757 2260 1830 2302 Cu·

1974 2169 1978 2194 i

1079 2329 1191 2355 ratum
1230 2315 1383 2352 Ecclesia:
1418 2315 1635 2350 Cathedralis
1678 2307 1830 2345 Ecclesiae
1973 2254 1978 2344 Ξ

1079 2365 1233 2401 Callien.
1247 2374 1313 2398 non
1329 2362 1505 2398 sustinetur
1518 2387 1528 2401 ,
1540 2371 1602 2395 nec
1614 2358 1746 2404 obligat
1757 2356 1831 2390 suc·-

1078 2412 1217 2449 cessores
1234 2413 1371 2446 callien.
1385 2409 1561 2445 nullitatis
1579 2405 1829 2450 transflionis.

1079 2459 1263 2506 &jurium
1278 2456 1533 2493 Parochi..lium
1549 2456 1590 2490 ad
1611 2465 1636 2491 ι.
1653 2461 1690 2500 p.
1703 2462 1735 2487 ι·
1968 2345 1978 2628 1

1968 2629 1976 2655 l

1033 2506 1194 2554 Capitale
1209 2506 1370 2539 donatum
1388 2500 1662 2548 Archihospitali
1678 2498 1712 2538 S,
1725 2493 1830 2542 Spiria

1081 2565 1135 2592 tus
1150 2564 1226 2588 cum
1251 2562 1354 2585 onere
1369 2550 1589 2598 quorumdam
1613 2545 1831 2582 subsidiorum

1082 2599 1248 2637 dotalium
1263 2609 1330 2633 non
1343 2598 1453 2645 potest
1471 2596 1605 2634 restitui
1618 2594 1686 2640 post
1702 2587 1833 2641 lapsum

1082 2656 1222 2688 centum
1236 2657 1398 2680 annorum
1411 2670 1421 2685 ‚
1447 2647 1477 2681 δι
1495 2640 1747 2679 transactionem
1761 2645 1835 2670 ini-

1082 2705 1153 2730 tam
1166 2696 1255 2728 inter
1267 2693 1408 2728 haeredes
1421 2719 1429 2732 ‚
1441 2694 1472 2728 δι
1484 2684 1758 2731 Archihospitale
1783 2692 1834 2724 re-

1080 2742 1187 2778 scindi
1220 2739 1552 2787 Romanasubfidior·
1563 2735 1731 2771 dotalium
1748 2734 1789 2765 ud
1802 2738 1839 2771 22

1082 2788 1183 2842 dub-p
1198 2791 1260 2835 48.ὴ
1699 2823 1790 2863 vo·
