1978 3017
362 217 485 257 Dubia
505 216 583 250 'haec
606 219 706 252 erant
729 236 754 252 ,‚
782 208 811 245 1.
842 209 899 246 An
929 205 1091 254 Aloyiius
1119 201 1353 239 Ferdinandus
1380 202 1418 236 de
1444 199 1605 246 Donghis
1629 199 1837 236 ordinandus

364 294 388 308 ‚‚
415 275 431 310 (
450 262 627 308 Neapolis
644 262 659 299 )
677 260 713 294 in
727 257 873 293 titulum
898 256 998 291 unius
1023 264 1065 288 ex
1082 250 1306 298 Cappellanis
1332 250 1367 284 in
1388 248 1470 283 loco
1495 247 1654 282 Vulturis
1678 260 1696 281 a
1712 249 1839 289 joanne

365 340 388 355 ‚‚
416 308 613 355 Augustino
624 304 784 353 Cappelli
801 303 955 339 fundans
968 300 1067 350 poss'tt
1081 300 1252 336 celebrare
1269 308 1329 342 per
1345 296 1453 331 alium
1467 306 1486 329 a
1501 294 1533 329 se
1549 293 1621 340 ipso
1635 293 1839 341 eligendum

365 386 388 400 2,
406 360 451 399 ¹in
474 357 554 392 casu
568 356 636 391 διε.
662 354 710 390 11.
726 354 782 389 An
808 353 1006 387 nominatio
1031 346 1227 384 Sacerdotis
1250 343 1426 380 Francisci
1453 342 1574 377 Mariae
1602 340 1788 387 Poganetti
1805 340 1839 373 in

366 434 390 450 „
418 404 672 452 Cappellanum
685 427 695 441 ,
726 400 863 436 &Ludi
879 396 1081 444 Magistrum
1094 392 1322 431 amovibilem
1339 393 1377 426 ad
1394 399 1515 425 nutum
1528 389 1615 424 faCta
1630 401 1648 423 a
1678 388 1740 424 PP.
1755 388 1840 421 Pro-

366 481 389 495 2,
415 453 560 492 ‚vineiali
572 445 1146 491 Carmelitarum‘Excalceatorum
1160 442 1301 482 januen.
1320 465 1330 479 ,
1352 440 1388 475 &
1401 438 1518 474 Priore
1529 437 1738 473 Conventus
1752 434 1841 469 Vtil-

367 529 392 544 ,‚
420 502 506 537 turis
521 498 748 534 l'ubstineatur
763 496 797 530 in
811 493 891 529 casu
903 494 969 529 &e.
987 489 1048 524 111.
1066 491 1125 525 An
1136 489 1282 530 'loannes
1298 487 1473 522 Antonius
1485 486 1525 520 de
1550 484 1712 531 Donghis
1733 482 1771 517 sit
1785 481 1840 516 in-

369 577 393 592 „
419 547 606 584 stituendus
624 547 664 579 ad
678 544 839 578 eamdem
853 536 1120 588 Cappellaniam
1135 563 1146 576 ,
1174 534 1231 572 vel
1247 535 1290 571 ad
1306 546 1406 570 unam
1426 544 1469 568 ex
1492 531 1570 567 aliis
1594 529 1843 567 amovibilibus

367 623 394 641 ‚‚
418 595 462 635 ad
476 604 599 630 nutum
614 591 760 634 ejusdem
778 586 973 624 Testatoris
996 585 1033 621 in
1047 584 1125 622 casu
1138 585 1203 620 διε.
1225 581 1291 618 lv.
1306 584 1364 617 An
1380 594 1399 616 a
1422 579 1588 626 praediffls
1607 579 1679 614 ῬΡ.
1694 579 1845 614 Carme-

371 672 395 687 „
423 643 497 678 litis
515 641 644 688 possint
659 637 806 673 retineri
821 646 933 670 annua
957 634 1054 669 scuta
1074 632 1195 667 'decem
1208 642 1251 666 ex
1278 632 1356 665 dote
1375 628 1571 665 earumdem
1585 624 1846 673 Cappellania-

371 717 396 734 2,
419 702 520 730 rum,
549 688 608 724 vel
625 686 688 721 sint
703 683 934 721 distribuenda
949 682 1042 717 inter
1058 679 1297 726 'Cappelianos
1323 677 1473 720 eiusdem
1499 673 1693 710 Testatoris
1710 673 1745 708 in
1769 670 1847 707 casu

371 765 396 781 0,
420 740 488 775 &c.
503 764 525 779 ,‚
552 733 745 782 Respondit
767 731 819 770 his
845 731 987 766 Sacrum
1008 727 1206 765 Tribunal:
1237 727 1298 760 Ad
1310 730 1337 759 I.
1354 750 1365 765 ‚
1388 727 1488 761 &IL
1511 722 1762 767 Affirmatzve.
1789 719 1849 754 Ad

372 792 432 821 ΙΙΙ.
456 786 642 832 Negative
670 782 944 829 quoadprimam
955 785 1098 823 partem
1117 800 1128 814 ‚
1163 777 1207 811 &-
1224 772 1432 816 affirmative
1459 771 1571 815 quoad
1587 770 1768 813 secundam
1784 777 1850 800 ar-

373 835 485 870 bitrio
501 837 580 869 ῬῬ,
608 829 874 866 carmelitarum
895 852 904 861 .
930 825 991 859 Ad
1020 828 1077 859 IV.
1107 821 1294 868 'Negative
1318 818 1431 866 quoad
1452 817 1603 863 primam
1618 823 1781 862 partem,
1806 816 1850 848 (9-

374 881 586 927 affirmative
601 879 715 925 quoad
730 874 915 920 secundam
929 896 941 912 ,
967 879 1005 906 ut
1021 869 1058 907 in
1078 869 1168 904 didio
1183 867 1263 904 Vol.
1278 870 1355 903 VII.
1378 864 1424 900 Th
1432 865 1540 909 esaur.
1553 862 1659 910 Resoi.
1676 868 1753 897 Sac·
1769 867 1851 896 Con-

401 941 470 967 Z'efl'-
511 954 517 962 .
534 936 574 960 21
604 947 615 958 ο
1488 937 1491 944 ,

330 935 702 1019 Ειῇιιῗίεξιίηυέεηηο
718 973 820 1015 1748.
837 967 952 1003 nullus
979 963 1061 999 esset
1077 962 1242 997 Clericus
1265 961 1301 996 in
1321 958 1442 995 Schola
1467 955 1629 993 Vulturis
1646 982 1656 995 ‚
1678 955 1745 992 PP.
1763 954 1855 989 Car-

382 1023 511 1060 melitae
527 1021 568 1054 ad
592 1029 694 1054 unam
710 1029 754 1051 ex
769 1017 853 1061 saepe
870 1012 973 1049 dictis
991 1008 1239 1057 Cappelianiis
1265 1008 1489 1044 nominarunt
1512 1004 1706 1040 Antonium
1720 1003 1858 1037 Piccar-

380 1069 441 1110 di,
466 1068 524 1114 qui
548 1066 632 1102 licet
656 1075 726 1099 non
741 1060 821 1097 esset
836 1073 878 1096 ex
895 1058 1105 1106 pauperibus
1129 1056 1288 1091 Vulturis
1303 1080 1314 1094 ‚
1339 1054 1374 1090 in
1394 1053 1456 1089 illa
1476 1062 1589 1088 tamen
1605 1052 1729 1087 Schola
1749 1049 1858 1096 prima

380 1125 520 1152 tanturn
534 1111 778 1161 grammatices
799 1108 924 1144 didicit
940 1105 1130 1141 rudimenta
1142 1102 1239 1139 annis
1271 1112 1370 1148 ¹740·
1389 1128 1398 1141 ‚
1433 1101 1464 1135 &
1492 1107 1589 1146 1741.
1610 1097 1747 1133 Contra
1772 1106 1857 1132 vero

381 1162 640 1200 institutionem
659 1160 700 1195 ad
714 1156 868 1193 eamdem
880 1151 1147 1200 Cappelianiam
1173 1149 1360 1196 postulavit
1369 1147 1533 1183 Clericus
1549 1146 1715 1181 Emanuel
1740 1145 1858 1179 Anto—

384 1212 464 1247 nius
484 1208 625 1256 Donghi
649 1206 846 1243 descendens
860 1216 878 1239 a
904 1200 1087 1237 Benedicta
1103 1222 1115 1234 .
1137 1196 1191 1233 Re
1215 1199 1254 1232 ad
1275 1196 1340 1232 'hoc
1363 1197 1505 1232 Sacrum
1530 1192 1704 1227 Tribunal
1721 1190 1859 1229 delata,

384 1261 471 1295 datae
486 1257 651 1295 fuerunt,
681 1263 718 1291 ut
735 1251 811 1288 fieri
837 1251 922 1287 solet
937 1277 946 1290 ‚
973 1249 1083 1284 'literae
1109 1249 1148 1281 ad
1177 1243 1490 1290 Archiepiscopum
1503 1250 1569 1289 pro
1593 1241 1834 1283 informatione
1849 1262 1860 1275 ‚

386 1313 431 1346 &
452 1313 540 1343 Voto
555 1306 689 1339 auditis
705 1307 783 1336 ῬῬ.
801 1299 1003 1335 carmelitis
1017 1321 1027 1331 .
1054 1294 1250 1340 Respondit
1273 1289 1570 1336 Archiepi'scepus
1580 1287 1767 1322 secundum
1781 1285 1862 1320 Pic-

388 1354 553 1392 cardum:
578 1357 768 1396 queruntur
786 1344 949 1393 Dunghi'i
967 1343 1102 1379 auditos
1122 1352 1195 1376 non
1211 1338 1310 1376 fuisse
1333 1340 1374 1374 ab
1403 1335 1700 1382 ArchiepiscopO,
1724 1333 1783 1379 qui
1804 1332 1864 1367 se·

390 1403 538 1441 cundum
566 1398 766 1434 Piccardum
788 1393 966 1439 respondit
982 1417 993 1430 ‚
1022 1390 1113 1438 quod
1141 1397 1221 1424 ante
1243 1387 1363 1423 oculos
1385 1384 1548 1420 habuerit
1569 1382 1720 1417 *rationes
1742 1407 1753 1421 ,
1777 1388 1863 1425 quas

390 1452 401 1486 i
430 1449 570 1485 notabat
595 1444 735 1488 rejeQas
762 1440 861 1478 fuisse
884 1441 1004 1477 abhoc
1031 1439 1138 1473 Sacro
1163 1433 1351 1472 Tribunali
1375 1433 1411 1468 in
1434 1429 1696 1466 definitionibus
1720 1427 1864 1463 aliarum

389 1462 585 1533 &ansarum
600 1521 610 1536 ,
623 1505 706 1543 quas
721 1490 900 1529 retulimus
917 1515 929 1527 .
945 1485 1021 1526 pest
1038 1484 1219 1536 Epistolatn
1235 1478 1503 1531 Archiepiscopi
1515 1477 1612 1517 causa
1628 1475 1739 1513 omnis
1753 1473 1836 1510 Vll.
1850 1499 1862 1514 ,
1885 1504 1886 1507 ,

390 1555 430 1583 ut
445 1545 593 1580 diximus
608 1571 618 1584 ,
647 1541 836 1588 Capitibus
854 1538 998 1577 collecta
1012 1537 1080 1573 fuit
1094 1563 1104 1577 ,
1131 1548 1203 1583 quae
1217 1547 1308 1571 nunc
1326 1527 1605 1568 Eminenti‘ffimis
1630 1524 1789 1561 Patribus
1802 1521 1866 1555 de-

389 1591 539 1628 finienda
554 1599 800 1638 proponuntur
814 1615 824 1623 .
852 1588 970 1634 Atque
985 1586 1056 1621 haec
1072 1585 1246 1631 pertinent
1263 1581 1307 1617 ad
1327 1579 1440 1627 prima
1455 1575 1523 1612 tria
1534 1572 1682 1619 Capita:
1712 1569 1866 1620 rationes

391 1642 483 1677 enim
505 1650 698 1686 excerpere
712 1636 872 1672 nolumus
887 1661 897 1675 ,
923 1645 1006 1681 quas
1021 1633 1140 1679 legent
1168 1627 1381 1676 Amp‘liffimi
1394 1624 1511 1661 Patres
1525 1623 1561 1657 in
1573 1618 1698 1656 'libello
1712 1615 1868 1652 Familiae

393 1689 573 1734 Dunghiae
588 1714 597 1727 ‚
625 1701 664 1723 ne
673 1688 799 1731 folium
823 1684 858 1719 in
883 1682 1048 1718 volumen
1067 1676 1241 1714 excrescat
1255 1701 1267 1711 .
1291 1675 1396 1710 Nunc
1423 1667 1714 1716 transgrediamur
1737 1663 1782 1699 ad
1801 1675 1840 1698 ea
1858 1687 1869 1701 ‚

392 1748 469 1782 quae
487 1738 527 1769 ad
542 1736 672 1779 reliqua
686 1728 928 1767 controversiae
944 1729 1068 1772 Capita
1100 1725 1277 1771 pertinent
1289 1750 1297 1758 .
1324 1721 1425 1756 Ultra
1450 1716 1686 1753 fundationem
1709 1709 1867 1758 Cappel-

393 1782 566 1818 laniarum
589 1780 680 1824 juffit
707 1781 852 1819 ⁸loannes
878 1774 1094 1821 Augustinus
1119 1769 1305 1816 Cappelli,
1329 1775 1369 1803 ut
1385 1765 1511 1802 {rudus
1531 1761 1726 1809 offiuaginta
1752 1758 1869 1794 Loco-

393 1841 469 1865 rum
487 1829 666 1863 Montium
681 1824 821 1871 fingulis
835 1822 932 1858 annis
951 1823 986 1856 in
998 1819 1160 1855 Paschate
1171 1817 1291 1853 decem
1303 1840 1315 1855 ,
1342 1814 1374 1848 8(
1387 1814 1462 1848 odio
1474 1809 1602 1858 puellis
1617 1832 1626 1845 ‚
1647 1818 1791 1855 quarum
1806 1816 1869 1839 no-

394 1877 488 1912 mina
508 1876 596 1911 sorte
622 1887 640 1910 a
667 1884 775 1920 puero
792 1872 868 1907 οίὶο
893 1880 1060 1904 annorum
1075 1877 1119 1901 ex
1144 1876 1231 1901 urna
1253 1861 1538 1899 extraherentur,
1564 1856 1743 1902 aequaliter
1756 1852 1870 1888 distri-

393 1925 586 1960 buerentur
602 1950 611 1963 ,
637 1921 805 1967 pluraque
819 1917 927 1953 edixit
942 1943 953 1957 ‚
978 1927 1052 1962 quae
1066 1914 1100 1949 in
1118 1910 1336 1948 admittendis
1349 1908 1477 1956 puellis
1491 1933 1502 1946 ,
1529 1914 1629 1951 atque
1642 1903 1675 1938 in
1689 1899 1868 1937 extractio-

396 1983 442 2008 ne
464 1972 624 2008 servanda
636 1967 742 2005 essent
763 1996 771 2004 .
789 1966 907 2011 thue
931 1976 994 2004 ea,
1025 1964 1065 1998 de
1092 1960 1218 2010 quibus
1245 1958 1455 2003 disposuerat
1469 1980 1480 1994 ,
1500 1959 1748 1998 exequerentur
1764 1973 1774 1986 ‚
1796 1947 1869 1981 haec

397 2018 530 2055 addidit
555 2045 577 2059 „
610 2018 643 2052 di
658 2015 778 2063 quello
804 2013 826 2048 fi
843 2012 915 2049 fara
930 2016 1010 2058 ogn’
1023 2020 1114 2045 anno
1135 2018 1191 2054 per
1213 2005 1421 2042 esecuzione
1432 2003 1472 2038 di
1488 1999 1594 2048 questi
1617 1995 1739 2048 Legati
1753 1993 1870 2028 fideb-

397 2093 423 2108 ,‚
449 2068 491 2101 ba
507 2066 559 2101 far
576 2066 740 2100 scrittura
754 2062 789 2097 in
816 2072 860 2096 un
877 2059 970 2095 libro
984 2084 995 2097 ,
1018 2057 1081 2092 che
1092 2054 1204 2091 dovra't
1225 2062 1342 2088 tenere
1358 2062 1429 2087 uno
1448 2049 1483 2085 di
1504 2046 1596 2084 detti
1613 2045 1711 2080 Padr1
1724 2041 1868 2076 Carme-

398 2140 423 2154 ,‚
450 2114 548 2149 litani
563 2112 673 2148 Scalzi
689 2112 756 2146 ὄις.
776 2135 785 2149 ,
811 2109 852 2143 ed
865 2113 945 2153 ogn'
961 2116 1051 2140 anno
1067 2104 1205 2139 intorno
1218 2101 1249 2136 al
1264 2099 1396 2135 Natale
1410 2097 1564 2132 debbano
1586 2092 1611 2128 il
1625 2089 1845 2127 Provinciale
1857 2115 1868 2129 ‚

399 2188 424 2203 ‚,
451 2173 469 2195 e
487 2161 526 2196 P1
536 2160 607 2196 iore
622 2162 681 2194 dar
704 2165 809 2193 conto
824 2156 912 2191 della
940 2154 1013 2189 loro
1038 2148 1346 2186 amministrazione
1368 2146 1399 2180 al
1423 2143 1516 2179 Rev.
1539 2141 1687 2176 Rettore
1709 2136 1746 2171 di
1770 2135 1868 2188 detta

397 2234 424 2250 2,
449 2207 579 2243 Chiesa
594 2205 795 2242 Parochiale
810 2203 850 2237 de
875 2200 970 2236 Sami
992 2197 1143 2237 Nicold,
1169 2199 1214 2232 ed
1230 2194 1365 2231 Erasmo
1389 2191 1422 2226 di
1443 2188 1560 2225 Voltri
1585 2186 1646 2222 alli
1673 2182 1868 2218 Guardtani

399 2281 424 2298 2,
449 2256 504 2289 de’
517 2252 706 2293 Monasteri
721 2250 753 2285 di
780 2251 845 2284 San
859 2248 1053 2283 Francesco
1068 2273 1077 2286 ‚
1103 2258 1122 2281 e
1141 2243 1252 2280 nostra
1266 2242 1408 2286 Signora
1423 2237 1512 2284 degl’
1526 2233 1655 2281 Angeii
1669 2258 1679 2274 ‚
1704 2231 1768 2266 che
1785 2230 1866 2281 sono

399 2329 424 2345 ‚‚
452 2301 488 2337 in
501 2301 622 2337 Voltri
635 2326 646 2340 ,
673 2298 713 2334 ed
727 2298 784 2332 effi
815 2294 970 2341 impediti
988 2321 997 2335 ,
1024 2293 1085 2328 alli
1105 2295 1180 2327 loro
1194 2289 1316 2331 Vicarj
1331 2314 1354 2328 „
1370 2312 1378 2321 .
1402 2282 1587 2320 Contendit
1599 2280 1708 2328 iffl'tur
1721 2277 1865 2312 Familia

398 2349 568 2396 Dunghia
584 2346 697 2383 teneri
719 2346 833 2380 Patres
848 2344 925 2378 illos
948 2339 1156 2378 Carmelitas
1168 2337 1340 2373 rationem
1365 2328 1662 2369 administrationis
1683 2323 1866 2375 quotannis

398 2398 536 2434 reddere
562 2393 748 2431 Parocho,
772 2392 802 2427 ὅ(
818 2388 1056 2428 Guardianis,
1083 2386 1152 2422 five
1181 2383 1333 2420 vicariis
1347 2381 1442 2416 simul
1467 2374 1683 2424 congregatis
1709 2398 1720 2411 ,
1744 2383 1870 2419 praevia

400 2444 615 2480 exhibitione
636 2442 806 2477 librorum
823 2438 912 2484 apud
936 2436 1124 2471 Parochum
1138 2459 1149 2473 ,
1177 2444 1245 2467 non
1273 2441 1384 2467 vero,
1412 2435 1450 2462 ut
1466 2426 1626 2460 hactenus
1651 2421 1770 2456 saelum
1795 2416 1844 2452 est
1859 2444 1868 2458 ‚

399 2491 599 2534 disjunctim
613 2517 623 2530 ,
649 2490 680 2524 &
699 2485 862 2534 separatis
885 2482 1109 2521 Revisoribus
1126 2508 1136 2521 ‚
1161 2489 1293 2516 vocato
1306 2475 1441 2512 scilicet
1457 2485 1523 2509 una
1542 2473 1603 2507 die
1617 2465 1767 2505 Parocho
1781 2490 1791 2504 ,
1817 2464 1871 2498 al-

401 2547 478 2573 tera
490 2538 691 2574 Guardiano
704 2535 735 2570 S.
753 2532 921 2569 Francisci
936 2558 947 2571 ,
973 2531 1080 2566 altera
1091 2532 1224 2564 demum
1239 2524 1442 2561 Guardiano
1455 2524 1485 2555 S.
1500 2519 1618 2555 Mariae
1637 2513 1844 2560 Angelorum
1858 2538 1867 2551 ‚

401 2584 544 2630 quisine
558 2584 754 2620 discuffione
768 2581 949 2616 rationum
969 2605 980 2618 ,
1007 2577 1199 2621 summaque
1223 2573 1393 2608 facilitate
1406 2596 1417 2610 ,
1436 2581 1474 2605 ac
1488 2569 1574 2602 bona
1596 2563 1660 2599 fide
1675 2558 1869 2596 subscribe-

403 2642 441 2668 re
455 2658 465 2671 ,
492 2643 529 2665 ac
551 2633 697 2675 probare
712 2631 817 2665 solent
832 2626 1061 2663 redditionem
1078 2624 1269 2661 rationum,
1296 2629 1420 2666 magno
1433 2616 1668 2661 detrimento?
1693 2609 1782 2654 quod
1794 2617 1874 2640 eve.

402 2690 479 2715 mre
498 2678 607 2722 potest
619 2677 813 2713 haereditati
833 2703 842 2716 ‚
870 2676 901 2711 &
918 2673 1039 2721 legatis
1059 2700 1066 2706 .
1087 2671 1278 2706 Contendit
1288 2667 1392 2702 etiam
1407 2665 1524 2699 eadem
1539 2656 1686 2694 Familia
1703 2653 1874 2705 Dungltia

404 2724 635 2761 admiffionem
657 2724 850 2767 puellarum
865 2749 874 2761 ‚
900 2723 930 2756 &
949 2720 1197 2756 extractionem
1220 2715 1398 2751 nominum
1412 2708 1607 2746 earumdem
1622 2716 1663 2738 ex
1682 2702 1786 2752 Uma.
1800 2705 1875 2734 heri

403 2772 555 2812 debere,
580 2770 802 2816 praesentibus
820 2768 943 2803 iisdem
973 2767 1154 2804 Parocho,
1178 2766 1211 2799 ἃ
1235 2759 1470 2798 Guardianis‚
1496 2765 1587 2791 non,
1614 2760 1650 2786 ut
1665 2748 1741 2785 fierl
1771 2748 1877 2789 solet,

404 2820 539 2858 secreto
566 2819 656 2854 inter
677 2817 768 2865 ipsos
782 2817 900 2851 Patres
918 2841 927 2854 ,
955 2823 1046 2849 itaut
1060 2825 1165 2848 nemo
1179 2810 1282 2850 sciat³
1306 2819 1348 2843 an
1363 2817 1424 2844 ea,
1446 2814 1519 2850 quac
1536 2801 1569 2835 in
1587 2797 1778 2834 admistione
1794 2820 1804 2833 ‚
1828 2805 1880 2828 at-

1771 2852 1835 2889 qUe
