1977 3028
163 141 369 180 ARNIEN.
388 139 564 187 Proposita
581 137 646 174 fuit
659 139 730 174 haec
743 137 853 174 Causa
867 137 901 173 in
919 135 1186 183 Congre'gatione
1207 133 1323 169 habita
1338 137 1393 171 die
1411 145 1464 176 ις.
1481 141 1578 169 tran-
1646 134 1733 177 δερ.
1747 141 1844 176 25.c.
1866 146 1902 181 4,

53 147 143 231 N
171 193 250 228 saffi
269 189 393 227 Mensis
409 190 552 236 Aprilis
568 209 579 221 .
600 186 688 222 Tria
701 195 800 221 erant
816 186 887 227 ejus
901 185 1032 232 Capita
1046 208 1069 223 „
1097 184 1123 220 1.
1145 186 1203 218 An
1214 182 1277 217 fint
1291 182 1503 218 alternative
1516 194 1577 218 ce-
1622 182 1659 217 de
1672 183 1742 228 Res.

100 267 121 281 ‚2
148 242 309 275 lebranda
333 237 460 272 Officia
487 234 663 281 generalia
678 233 866 277 cujuslibet
895 232 1024 268 Mensis
1045 241 1118 266 tum
1145 230 1180 264 in
1207 229 1352 265 Ecclesia
1379 229 1578 276 Collegiata

100 312 122 327 2,
149 289 179 322 S.
198 285 390 322 Michaelis
411 281 646 328 Archangeli,
675 291 747 316 tum
761 281 796 316 in
810 280 920 316 altera
933 280 967 314 S.
983 278 1125 314 Nicolai
1141 279 1175 311 in
1197 278 1275 313 casu
1290 278 1353 312 &c.
1372 278 1420 313 ΙΙ.
1447 279 1503 312 An
1517 289 1576 313 ce-

99 361 123 376 ,,
149 335 299 370 lebratio
316 330 516 368 Officiorum
530 328 708 364 occasione
722 328 837 364 obitus
863 326 1009 368 alicujus
1022 338 1063 361 ex
1085 324 1326 360 confratribus
1352 324 1393 360 fit
1419 323 1576 361 facienda

99 408 124 425 ‚,
150 383 186 417 in
199 381 369 427 posterum
382 378 417 413 in
433 375 580 411 Ecclesia
592 375 787 410 Parochiali
800 374 988 417 cuiuslibet
1002 373 1187 418 respeffive
1200 371 1347 406 defuncti
1367 372 1401 407 in
1416 372 1494 408 casu
1506 373 1574 407 &c-

100 453 126 468 ,.
153 429 216 464 111.
232 431 289 464 An
304 420 457 462 redditus
477 423 739 469 superextantes
751 422 928 458 Societatis
938 419 1134 457 Sanctifflmi
1148 417 1309 465 suffragii
1323 419 1487 464 applicari
1503 418 1576 464 pos—

102 502 126 516 „
152 477 215 512 sint
234 476 268 510 in
280 473 387 510 solum
405 470 624 506 commodum
639 469 794 506 Ecclesiae
809 470 844 504 S.
858 469 1002 505 Nicolai
1019 495 1029 508 ,
1059 467 1117 502 seu
1139 466 1251 512 potius
1267 465 1576 511 proportionabili-

102 551 125 565 „
151 534 202 559 ter
214 523 319 557 etiam
338 521 373 555 in
388 519 604 554 commodum
620 542 631 556 ,
654 520 684 554 &
704 517 937 552 necessitatem
951 515 1106 553 Ecclefiae
1121 513 1329 550 Parochialis
1343 513 1374 549 S.
1389 513 1577 549 MichaeliS

99 597 125 612 ,‚
150 567 367 614 Archangeli
402 567 437 600 in
456 565 534 601 casu
554 566 619 599 &c-
639 567 820 612 Respondit
834 566 888 600 his
908 570 1048 600 Sa'crum
1066 561 1231 597 Tribunal
1244 575 1255 595 ε
1282 561 1337 597 Ad
1351 560 1377 594 Ι.
1391 561 1423 596 ἃ
1437 560 1483 597 ΙΙ.
1503 559 1575 595 Af-

101 645 124 658 „
147 616 320 652 firmative
336 629 349 649 ιἸ
375 615 430 648 Ad
450 611 516 647 111.
532 613 769 658 Applicandos
779 611 844 647 esse
861 612 959 654 juxta
973 610 1169 646 Institutum
1182 609 1365 645 societatis
1377 633 1398 648 ‚,
1410 635 1417 643 .
1443 607 1574 643 Retra-

99 666 181 700 aar}
195 666 281 699 hanc
294 661 532 700 definitionem
551 659 720 704 postulant
737 659 941 706 Capitulum
957 685 967 699 ‚
988 659 1023 695 8<
1037 656 1178 694 Sodales
1191 655 1397 694 Parochiani
1414 653 1571 692 Ecclefiae

101 712 134 749 S.
153 710 297 748 Nicolai
313 737 323 750 ‚
349 708 495 754 ideoque
510 707 781 753 respondendum
802 717 893 742 nunc
910 707 958 742 est
972 730 984 743 .

60 759 335 805 arnfitstandnm
351 782 361 797 ,
388 758 447 794 vel
461 758 680 792 recedendum
694 769 714 790 a
729 754 842 799 decisis
862 758 897 791 in
912 755 988 801 casu
1004 757 1082 792 &a

150 853 270 890 Dilata
282 855 321 890 ad
336 852 539 901 sequentem
552 880 563 890 .

57 948 345 1033 TRANEN.
373 945 831 985 DISTRIBUTIONUM
859 961 869 983 .·
894 947 1015 984 Causae
1036 946 1138 988 huius
1165 944 1296 991 species
1313 967 1324 981 ‚
1345 944 1379 980 8<
1400 943 1573 984 rationes,
1640 941 1724 985 Scſs.
1738 947 1888 981 24·c.12.

171 996 296 1042 quibus
311 996 508 1032 Canonicus
524 996 576 1037 Jo:
590 995 799 1032 Laurentius
813 996 997 1032 Palumbus
1022 993 1083 1030 fibi
1096 993 1216 1029 deberi
1231 991 1383 1028 credidit
1398 992 1575 1038 quotidia-
1616 991 1656 1026 de
1669 989 1743 1035 Ref-

100 1057 160 1080 nas
173 1043 427 1079 distributiones
442 1069 453 1082 ,
480 1042 599 1079 Choro
629 1043 710 1080 licet
739 1042 863 1080 abesset
877 1070 888 1084 ‚
916 1043 1087 1078 habentur
1112 1041 1148 1075 in
1171 1041 1267 1076 Folio
1294 1043 1577 1087 congregacionis

100 1095 154 1128 die
185 1101 236 1127 12.
265 1092 477 1139 Septembris
509 1104 594 1127 anno
628 1101 729 1136 1750.
746 1117 755 1130 ,
785 1091 875 1137 quod
888 1090 1023 1137 publici
1038 1088 1124 1132 juris
1152 1086 1276 1122 faeturn
1300 1085 1366 1122 fuit
1392 1086 1472 1123 Vol.
1486 1092 1576 1122 XIX.

101 1140 262 1183 Thesaur.
281 1140 392 1185 Resol.
409 1144 484 1174 Sac.
502 1144 704 1186 congregat.
716 1137 869 1178 Dubio,
894 1137 986 1185 quod
1010 1136 1294 1185 proponebatur:
1319 1141 1378 1170 An
1393 1133 1517 1176 constet
1534 1135 1575 1170 de

102 1186 260 1233 legitimo
275 1185 516 1234 impedimento
531 1184 699 1232 abeffendc'
716 1199 735 1220 a
752 1188 856 1223 choro
870 1213 881 1227 ,
908 1189 1002 1221 itaut
1014 1184 1204 1221 debeantur
1220 1181 1480 1224 distributiones
1492 1193 1576 1228 quo-

103 1236 243 1270 tidianae
257 1237 291 1270 in
309 1236 385 1278 casn
402 1238 481 1269 &a
493 1246 503 1266 τ
523 1232 704 1280 respondit
719 1234 862 1269 Sacrum
880 1232 1078 1269 Tribunal:
1101 1231 1327 1277 ⁸Affirmative
1346 1239 1486 1267 onerata
1499 1242 1576 1266 con-

97 1283 247 1328 scientia
266 1284 429 1317 oratoris
451 1293 460 1314 t
485 1289 525 1316 ut
541 1281 578 1316 in
591 1280 714 1316 eodem.
727 1283 803 1317 Vol.
819 1286 907 1317 XIX.
923 1282 1014 1326 Thes.
1028 1278 1161 1315 Iterum,
1181 1276 1297 1313 audiri
1309 1277 1494 1324 postulavit
1506 1276 1576 1312 Ca-

102 1329 252 1374 pitulum
263 1353 273 1367 ,
295 1329 328 1363 &
340 1329 378 1363 in
395 1327 661 1377 congregatione
679 1328 800 1364 habita
809 1331 864 1366 die
877 1340 889 1364 t
900 1337 930 1368 3.
945 1330 1074 1364 Martii
1087 1340 1172 1364 anno
1188 1334 1287 1370 1751.
1302 1325 1478 1372 proposito
1493 1324 1577 1360 Du-

102 1375 179 1411 bio:
203 1374 474 1417 Anst'tstandum
492 1401 503 1416 a
526 1377 587 1412 vel
604 1378 825 1413 recedendum
843 1389 862 1410 a
875 1375 990 1419 deczsss
1006 1377 1040 1410 in
1053 1375 1213 1418 cafi1&c.
1228 1385 1237 1405 :
1262 1373 1468 1409 censuerunt
1482 1371 1580 1405 Emi-

104 1421 290 1458 nentiss'tmi
311 1422 425 1459 Patres
440 1422 636 1460 faciendum
648 1424 714 1461 esse
732 1423 922 1470 periculum
933 1423 977 1458 de
1001 1420 1154 1458 veritate
1167 1429 1288 1457 eorum
1301 1445 1313 1460 ‚
1336 1431 1414 1466 quae
1427 1432 1447 1455 a
1459 1418 1577 1454 Cano·

105 1472 187 1506 nico
207 1469 382 1506 k’alumbor
406 1472 706 1519 proponebantur,
735 1483 775 1508 ac
793 1470 1064 1517 responderunt:
1085 1473 1120 1506 in
1146 1467 1259 1512 decifis
1286 1471 1330 1503 ad
1356 1479 1504 1506 annum,
1531 1470 1576 1503 (θ’

103 1518 394 1570 Λνψίερὶβοριις
409 1520 547 1555 mandet
570 1521 731 1567 suppleri
749 1521 927 1556 Lebh'ones
951 1525 1060 1554 Sacrae
1087 1516 1273 1564 Scriptum
1292 1513 1490 1562 sumptibus
1517 1519 1576 1547 Ca-

104 1569 220 1601 nomci
232 1564 399 1602 Palumbi
420 1592 433 1606 ,
468 1574 507 1601 ut
524 1565 560 1601 in
577 1568 738 1612 Thcfaur.
755 1567 955 1613 fflfhltSac.
972 1572 1130 1613 congreg.
1145 1565 1226 1600 Vol.
1239 1570 1308 1598 XX.
1322 1561 1417 1598 Intra
1431 1561 1495 1596 hoc
1511 1571 1577 1594 an-

104 1613 142 1646 ni
158 1611 300 1658 spatium
312 1611 510 1648 Canonicus
527 1614 716 1649 Palumbus
729 1614 892 1660 repetitis
905 1614 1026 1650 ifiibus
1039 1613 1142 1648 fortis
1166 1609 1376 1657 Apoplexiae
1401 1606 1581 1655 percussus

105 1660 174 1694 fuit
186 1686 197 1699 ‚
220 1670 294 1705 quae
306 1658 397 1704 signa
412 1660 556 1705 reliquit
575 1661 611 1695 in
623 1672 683 1696 ore
698 1660 838 1696 distorto
852 1688 865 1702 ,
888 1672 926 1697 ut
939 1661 1071 1698 affiduis
1086 1659 1277 1707 pharmacis
1290 1658 1402 1694 vitam
1415 1657 1506 1692 tueri
1522 1654 1581 1690 de-

106 1705 193 1742 beat
208 1734 216 1743 .
239 1705 390 1742 Postulat
404 1707 515 1754 igitur
528 1718 619 1742 nunc
633 1733 644 1747 ,
668 1718 706 1743 ut
723 1707 982 1745 Eminentiffimi
997 1710 1114 1745 Patres
1128 1707 1168 1742 ad
1179 1706 1330 1753 priorem
1343 1704 1484 1741 redeant
1496 1702 1579 1737 sen-

106 1755 250 1790 tentiam
270 1779 280 1793 ,
308 1754 401 1789 itaut
417 1757 448 1790 δι
463 1754 588 1791 Choro
600 1754 708 1791 abesse
724 1755 819 1801 poffit
832 1783 843 1797 ,
865 1758 897 1792 8(
913 1756 1174 1792 distributiones
1187 1754 1411 1801 quotidianas
1425 1749 1580 1799 percipe-

105 1812 144 1836 re
157 1824 171 1836 .
193 1805 230 1838 A
244 1800 415 1847 Capitulo
429 1801 521 1837 nihil
534 1802 721 1838 habuimus·
732 1829 741 1839 .
771 1802 926 1840 Dubium
939 1803 985 1838 est
997 1829 1009 1840 .

58 1849 175 1932 diligt
188 1849 345 1941 standJm
367 1852 402 1885 in
411 1852 527 1896 primo
547 1875 563 1890 ‚,
584 1851 796 1897 velsecundo
810 1852 883 1888 loco
910 1852 1024 1895 deczfis
1038 1876 1048 1891 ,
1067 1852 1128 1896 seu
1145 1850 1309 1897 quomodo
1326 1846 1372 1890 fit
1389 1844 1582 1895 providem

155 1909 185 1934 m
200 1899 235 1933 in
255 1908 292 1931 ca
311 1910 332 1932 ιι
345 1901 425 1934 &ca

158 1992 226 2028 Pro
244 1992 356 2038 gratia·
380 1991 425 2028 ad
440 1991 619 2029 biennium
633 1992 729 2029 firma
744 2002 937 2030 remanente
952 1993 1166 2040 obligatione
1188 1991 1369 2040 supplendi
1383 2002 1442 2039 per
1454 1986 1584 2026 substi-

105 2047 221 2075 tutum
235 2039 398 2076 lectiones
410 2043 518 2077 Sacrae
529 2043 712 2088 Scripturae
726 2042 921 2088 sumptibus
934 2040 1083 2089 propriis
1094 2067 1103 2076 .

70 2151 72 2154 ⁴
170 2135 479 2171 ERRACINEN.
499 2163 510 2176 ,
533 2137 625 2173 SEU
651 2136 836 2173 SETINA
864 2136 1025 2174 TAXAE
1046 2150 1055 2170 ε
1080 2135 1314 2182 Collegium,
1340 2135 1399 2171 seu
1415 2161 1425 2174 ,
1450 2141 1489 2168 ut
1511 2143 1580 2168 vo·
1638 2126 1894 2169 Sess.23.c,18,

126 2209 131 2215 .
177 2192 255 2234 can—t
267 2209 277 2222 ‚
303 2183 527 2221 Seminarium
539 2185 576 2220 in
591 2184 760 2221 Civitatae
772 2184 870 2221 Setiae
886 2196 945 2232 pro
962 2195 1162 2231 unaquaque
1177 2183 1332 2221 Dioecefi
1345 2181 1462 2218 Setina
1473 2208 1483 2221 ,
1502 2181 1581 2216 Pri-
1615 2176 1655 2211 ‘le
1670 2173 1740 2219 Res·

107 2239 244 2282 Vernatt
255 2257 265 2270 ,
285 2231 319 2266 8<
340 2231 576 2267 Terracinenfi
589 2235 740 2269 eressum
756 2259 767 2273 ,
783 2244 861 2269 cum
875 2244 986 2279 neque
998 2233 1119 2278 opibus
1137 2231 1330 2275 necess'ariis
1343 2257 1353 2272 ‚
1378 2239 1487 2275 neque
1499 2227 1582 2264 aedi-

108 2275 170 2310 bus
185 2274 260 2327 fixis
277 2280 445 2324 potiretur
459 2306 469 2320 ,
488 2292 507 2315 e
520 2280 583 2316 situ
600 2282 632 2316 &
651 2280 819 2327 squallore
833 2308 844 2322 ,
869 2281 904 2316 in
919 2292 989 2327 quo
1014 2280 1151 2323 jacebat
1163 2305 1174 2318 ‚
1198 2280 1353 2315 eduetum
1374 2277 1440 2313 fuit
1455 2275 1582 2321 provi-

76 2334 79 2337 *
109 2323 235 2376 deun?
251 2328 371 2370 optimi
391 2326 557 2373 Principis
570 2327 745 2364 Benedieti
765 2326 892 2369 XHL,
913 2329 945 2363 &
964 2328 1122 2374 largitate
1145 2326 1239 2363 Petri
1261 2325 1467 2362 Marcellini
1489 2323 1580 2358 Cor-

109 2373 238 2422 ritdlnli
249 2372 279 2424 S?
290 2372 334 2409 R.
356 2373 395 2409 E.
408 2373 611 2410 Cardinalis
627 2375 861 2421 Ampliflimi;
883 2375 942 2411 hic
959 2375 1050 2411 enim
1065 2385 1137 2410 non
1151 2375 1266 2410 levem
1280 2373 1499 2419 pecuniarum
1509 2370 1583 2406 vim

107 2418 257 2453 contulit
268 2430 301 2454 ιη
315 2421 523 2467 emptionem
538 2423 567 2458 δε
582 2423 846 2458 aedificationem
859 2424 982 2459 :edium
993 2449 1002 2463 ‚
1020 2433 1093 2468 quae
1104 2431 1220 2457 tamen
1232 2420 1439 2466 imperfe6ae
1448 2429 1583 2454 reman-

107 2465 220 2499 serunt
232 2467 419 2511 ,·f›1ur1bus
432 2469 624 2507 necessariis
638 2471 786 2516 partibus
794 2468 1042 2506 deficientibus
1053 2495 1062 2509 ‚
1083 2481 1158 2516 quae
1171 2479 1210 2505 ut
1224 2467 1467 2515 perficiantur,
1487 2465 1583 2501 sum-

108 2523 197 2565 mam
214 2515 400 2566 exposcunt
414 2518 502 2553 scut.
516 2519 597 2555 800.
612 2518 775 2554 Pontifex
793 2527 913 2554 autem
938 2517 1163 2554 Vifitatorem
1180 2515 1421 2563 Apostolicum
1435 2514 1584 2560 deputa-

109 2569 160 2613 yit
176 2559 375 2613 Episcopum
397 2565 531 2600 Montis
559 2565 637 2604 Alti
652 2592 667 2607 2<
688 2567 790 2612 eique
818 2565 1000 2611 specialem
1023 2564 1203 2600 mandavit
1228 2563 1518 2606 iurisdictionem,
1544 2567 1584 2595 ut

108 2616 204 2658 Juxta
227 2608 420 2645 Tridentini
437 2613 614 2649 decretum
627 2640 636 2654 ,
659 2616 692 2650 δι
707 2613 1004 2649 Constitutionem
1018 2613 1171 2656 ejusdem
1183 2609 1365 2648 Pontificis
1377 2637 1388 2653 ,
1404 2609 1502 2652 cuius
1514 2608 1584 2644 ini-

108 2663 196 2707 tium
211 2659 256 2695 est
273 2661 412 2710 (redime
432 2662 550 2697 Nobis
565 2688 574 2701 ‚
601 2674 674 2707 qua·
690 2659 846 2706 impress'a
860 2661 984 2708 estpost
1014 2662 1198 2697 Concilium
1218 2667 1404 2707 Romanum
1421 2670 1512 2707 num.
1528 2665 1583 2694 27.

114 2701 130 2734 J
147 2713 244 2736 axam
260 2705 482 2743 constitueret
497 2734 505 2742 .
536 2709 699 2753 Implevit
717 2708 888 2745 visitator
901 2709 1084 2750 mandata,
1110 2708 1140 2743 δι
1168 2706 1308 2742 Tuam
1340 2704 1519 2742 constituit
1535 2700 1588 2736 su-

105 2761 167 2799 per
182 2749 342 2787 fructibus
360 2755 517 2791 oninium
535 2758 702 2794 bonorum
719 2755 1028 2797 Ecclefiasticorum
1045 2783 1056 2799 ,
1082 2767 1156 2805 quae
1172 2755 1210 2793 in
1233 2753 1304 2792 illis
1318 2756 1427 2792 tribus
1441 2751 1591 2834 lgssoece-

1507 2807 1546 2834 us
