1977 3028
113 141 147 177 ἃ
164 136 331 174 Leonardi
354 145 480 171 nomen
496 132 665 181 suscipere
680 158 689 168 .
713 131 791 168 Hac
804 129 889 167 faua
901 130 1098 168 mutatione
1124 131 1277 169 foeminae
1293 132 1331 168 in
1344 132 1469 170 Virum
1484 159 1494 173 ,
1519 98 1590 170 vg?

116 188 180 222 luit
195 185 388 222 Leonardus
414 195 491 219 cum
510 181 620 218 amica
651 183 793 228 Agnete
812 178 1073 215 matrimonium
1095 182 1298 218 contrahere
1314 208 1324 222 ,
1355 183 1386 217 &
1409 182 1520 218 delata
1541 181 1586 217 ad

115 236 267 269 eamdem
284 232 425 268 Curiam
442 230 712 266 Ecclesiasticam
736 227 879 263 scientia
905 227 987 262 vitii
1002 229 1151 272 corporis
1170 229 1245 270 sui,
1271 230 1302 264 ὅ(
1319 241 1338 264 a
1359 229 1492 265 duobus
1505 229 1587 264 Me-

116 282 201 316 dicis
214 281 434 326 comprobata
457 278 538 312 vitii
554 275 648 312 iilius
662 276 810 311 veritate
826 299 836 314 ,
864 276 1067 325 put-antibus
1079 275 1195 310 iisdem
1206 288 1284 311 eum
1296 277 1451 324 ineptum
1463 276 1528 312 effe
1542 276 1587 312 ad

115 329 404 366 matrimonium,
430 325 641 361 interdictum
665 326 698 358 ei
717 323 783 358 fuit
798 335 817 357 a
842 322 978 363 curia,
1002 333 1046 357 ne
1067 323 1204 370 nuptias
1227 327 1470 365 contraheret,
1495 336 1586 360 neve

114 387 196 413 cum
212 379 349 424 Agnete
363 373 581 409 familiariter
593 381 710 418 ageret
724 399 732 407 .
755 371 848 405 Cum
861 380 946 406 vero
965 370 1021 405 illi
1038 369 1178 406 distrahi
1200 382 1268 406 non
1281 372 1412 407 ferrent
1426 399 1438 413 ‚
1462 374 1495 408 8<
1510 383 1587 407 ma-

114 425 285 460 trimonio
306 430 460 469 optarent
490 419 652 466 coniungi
668 445 679 459 ,
702 418 858 455 crudeles
883 416 1016 454 Terras
1046 416 1206 465 fugerunt
1221 446 1232 459 ‚
1256 420 1289 453 δι
1304 420 1454 454 Romam
1476 431 1588 455 vene-

112 482 194 508 runt
219 500 229 513 ‚
252 468 442 515 oblatisque
464 468 622 514 precibus
647 466 756 502 Sacrae
782 465 1058 513 Congregationi
1088 466 1301 502 Universalis
1329 466 1585 513 lnquifitioniS.

113 520 238 566 quibus
251 518 337 554 falso
353 525 533 552 narrarunt
556 517 600 551 ab
618 516 760 550 ineunte
775 523 875 549 aetate
891 512 1044 561 vagasse,
1069 514 1277 560 postularunt
1294 513 1586 560 dispensationem

114 569 162 604 ab
173 566 388 603 exhibitione
408 565 584 600 literarum
600 561 905 598 Testimonialium
922 571 998 597 tum
1022 562 1234 607 baptismatis
1246 589 1257 603 ‚
1285 571 1358 596 tum
1386 560 1560 598 libertatis
1572 585 1586 600 ,

113 625 153 652 ut
166 613 296 661 possent
310 613 530 649 matrimonio
542 609 708 657 conjungi
724 637 732 646 .
756 611 850 645 Data
862 608 930 646 fuit
943 609 985 644 de
998 610 1063 644 hac
1076 609 1308 656 postulatione
1321 610 1479 656 cognitio
1492 608 1586 644 Emi—

113 663 305 699 nentiffimo
322 660 425 696 Urbis
441 658 610 697 Vicario,
639 659 696 704 qui
726 657 846 693 delato
863 657 979 692 iisdem
994 658 1069 700 jure
1096 657 1241 700 jurando
1258 658 1426 693 libertatis
1447 683 1456 697 ,
1481 666 1585 704 pote-

113 710 232 746 statem
256 709 299 744 iis
319 707 403 743 fecit
428 706 687 741 matrimonium
709 705 956 745 contrahendi,
982 716 1050 751 quo
1061 708 1239 741 contracto
1261 732 1270 745 ,
1297 705 1505 741 Cervariam
1529 715 1586 739 re·-

112 756 208 803 greffi
222 756 315 791 sunt.
347 754 410 790 Sed
426 754 534 789 Curia
550 753 782 790 Ecclefiastica
796 753 917 789 videns
931 753 1106 788 violatum
1119 753 1163 788 ab
1178 753 1219 789 iis
1236 753 1454 789 interdictum
1473 752 1586 787 vouit

111 805 148 839 in
166 805 331 849 conjuges
345 802 624 837 animadvertere
638 827 647 836 .
674 801 849 849 Fugerunt
867 799 924 846 ipfi
939 826 949 840 ‚
973 801 1005 836 &
1021 800 1168 836 Romam
1193 802 1403 847 repetierunt
1420 828 1429 841 ,
1456 801 1587 834 sacro-

111 863 177 897 que
191 851 271 886 huic
292 849 467 885 sribunali
490 850 692 884 obtulerunt
705 860 841 895 preces,
869 849 989 895 quibus
1015 848 1233 893 postulabant
1251 875 1261 888 ‚
1287 858 1326 884 ut
1347 850 1585 885 declararetur

109 899 266 935 validum
280 895 544 932 Mitrimonium
557 923 566 935 ‚
591 897 679 942 quod
696 905 967 933 contraxerant.
991 895 1082 930 Cum
1096 907 1178 931 vero
1191 897 1301 931 omnis
1320 896 1459 942 quaestio
1472 893 1553 930 effet
1573 920 1585 934 ,

111 958 153 982 an
168 945 363 981 Leonirdus
379 954 420 979 eo
441 942 532 978 vitio
554 943 771 983 afficeretur,
794 955 864 990 quo
879 943 919 977 ad
949 943 1202 978 matrimonium
1229 943 1309 978 effet
1330 945 1464 989 ineptus
1478 956 1491 981 3
1516 940 1587 975 Vi-

110 1005 187 1030 rum
201 994 292 1028 enim
306 1003 381 1026 eum
395 990 458 1025 effe
473 1017 483 1030 ,
508 1002 576 1025 non
593 992 772 1027 foeminam
785 1015 797 1030 ,
821 1003 890 1026 non
910 989 1162 1037 Andropynum
1176 1019 1186 1032 ,
1212 992 1268 1027 seu
1296 990 1587 1037 Hermaphrody-

110 1050 183 1078 rum
197 1068 207 1081 ,
221 1051 286 1074 non
308 1040 496 1086 ambigitur
509 1063 518 1077 ‚
534 1037 754 1076 necessarium
767 1038 878 1075 visum
894 1036 940 1072 est
962 1038 1104 1073 Medicae
1120 1038 1219 1075 Artis
1245 1039 1370 1074 Peritis
1394 1038 1560 1074 mandare
1573 1061 1586 1075 a

109 1099 148 1124 nt
174 1087 386 1124 Leonardum
409 1085 617 1133 inspicerent
634 1113 643 1126 ,
669 1088 701 1123 ὅ(
716 1087 822 1121 animi
839 1085 890 1120 sui
921 1084 1128 1120 sententiam
1145 1086 1321 1131 aperirent
1338 1114 1345 1121 .
1374 1087 1459 1124 Duo
1480 1083 1586 1119 eleeti

109 1135 244 1172 fuerunt
260 1135 391 1170 Medici
407 1160 419 1174 ,
442 1134 539 1168 suum
559 1144 703 1180 uterque
727 1133 895 1175 judicium
915 1133 1007 1167 dedit
1024 1159 1031 1167 .
1062 1131 1111 1166 Ex
1131 1134 1331 1170 eorumdem
1354 1132 1587 1169 consultatio-

107 1184 208 1221 nibus
219 1182 344 1218 rescire
356 1192 515 1228 pozerunt
535 1181 794 1216 Eminentiffimi
809 1181 949 1220 Patres,
975 1179 1078 1226 quale
1095 1182 1221 1217 vitium
1234 1182 1273 1215 sit
1289 1208 1298 1219 ,
1322 1193 1388 1229 quo
1403 1178 1585 1216 Leonardi

109 1241 229 1274 eorpus
243 1229 400 1266 inficitur
413 1254 425 1268 .
447 1239 561 1264 rarum
581 1230 739 1275 equidem
757 1256 765 1268 ,
784 1229 818 1263 3<
834 1227 1001 1263 insuetum
1015 1254 1025 1267 ‚
1054 1237 1093 1263 ut
1108 1240 1192 1273 pene
1206 1229 1240 1264 in
1258 1228 1441 1264 monstrum
1458 1227 1585 1262 abeat.

109 1277 285 1323 Coniuges
302 1276 473 1323 postulant
488 1303 497 1315 ‚
519 1286 555 1311 ut
568 1276 720 1312 validum
733 1276 929 1312 declaretur
945 1276 1206 1311 Matrimonium
1223 1305 1232 1313 .
1259 1279 1295 1312 A
1311 1278 1492 1321 Defensori>
1510 1282 1585 1308 Ma-

109 1328 268 1361 trimonii
281 1324 368 1358 nihil
380 1324 538 1358 hactenus
552 1324 750 1359 habuimus.
779 1323 857 1358 Duo
875 1322 948 1357 sunt
962 1323 1080 1359 Causae
1094 1323 1222 1372 Capita
1236 1350 1247 1366 ,
1272 1336 1345 1372 quse
1359 1350 1369 1365 .
1387 1324 1503 1360 audita
1513 1321 1585 1365 iam

109 1371 220 1407 Curia
235 1369 463 1408 Ecclefiastica
480 1370 501 1404 S
529 1369 725 1413 Germani,
748 1379 988 1419 proponuntur
1001 1395 1018 1406 .

62 1417 91 1454 l.
116 1425 174 1455 «In
188 1419 312 1462 constet
324 1422 366 1456 de
384 1421 591 1466 impotentia
605 1418 622 1454 Ζ

62 1464 109 1502 ΙΙ.
133 1469 192 1502 .An
210 1470 470 1503 Matrimonium
486 1465 532 1509 fit
556 1466 715 1504 validum
735 1470 770 1504 ῖη
788 1468 867 1514 Casu
879 1470 958 1505 &cz

156 1544 282 1581 Dilata
296 1545 337 1580 ad
357 1542 552 1591 sequentem
565 1570 576 1582 .

241 1625 363 1703 Die
382 1626 670 1692 Sabbathi
701 1634 793 1694 18.
824 1629 1187 1696 Decembris
1217 1653 1239 1694 1
1254 1649 1330 1713 75
1350 1651 1400 1697 1.

173 1751 347 1789 ULLIUS
360 1777 372 1792 ,
396 1751 484 1788 SEU
498 1752 529 1787 S.
545 1751 783 1789 GERMANI
805 1753 1155 1791 MATRIMONII:
1182 1753 1294 1792 Causa
1315 1757 1386 1792 haec
1401 1754 1438 1791 in
1452 1755 1579 1793 uln’ma

185 1799 393 1847 Ampliffimi
407 1799 553 1835 Ordinis
567 1805 833 1849 Congregatione
848 1802 965 1837 habita
979 1807 1034 1841 die
1048 1814 1101 1839 20.
1118 1803 1275 1838 transacti
1291 1803 1405 1846 mensis
1423 1808 1581 1840 Novem-

105 1846 181 1883 bris
198 1845 392 1893 responsum
405 1856 561 1891 accepit:
589 1849 712 1884 Dilata
728 1851 771 1884 ad
786 1851 986 1897 sequentem
999 1876 1008 1884 .
1035 1851 1206 1886 Poterunt
1225 1851 1333 1897 igitur
1347 1851 1581 1886 Eminenrissi-

105 1897 154 1929 mi
178 1894 294 1930 Patres
320 1896 448 1930 Folium
463 1893 610 1940 effidem
631 1895 762 1933 ultima
778 1900 1059 1945 congregationis
1082 1896 1214 1934 iterum
1224 1896 1399 1935 consulere
1415 1924 1427 1938 ‚
1455 1908 1492 1935 ut
1509 1897 1582 1934 duo

106 1941 225 1978 Causae
237 1942 344 1978 dubia
363 1941 551 1989 expediant
563 1969 571 1978 .

62 1987 94 2025 I·
116 1996 174 2026 An.
192 1989 318 2030 constet
329 1992 369 2026 de
389 1987 625 2038 impotentia-²

63 2033 110 2072 ll.
135 2044 194 2073 An
207 2040 469 2074 Matrimonium
476 2036 522 2081 fit
534 2039 696 2077 validum
710 2040 744 2078 in
759 2039 836 2085 casu
850 2043 926 2078 &c-

155 2130 279 2168 Dilata
296 2132 336 2168 ad
349 2131 543 2180 sequentem
558 2156 572 2170 ς

65 2224 147 2310 R
165 2224 321 2280 ipa-NA
345 2226 581 2286 QJARTAE
599 2228 899 2286 *FUNERALISt
923 2230 1067 2280 Specier
1078 2231 1190 2285 omnis
1207 2231 1311 2277 huius
1337 2231 1459 2284 Causse
1471 2233 1579 2269 liabe-

174 2282 229 2310 tur
241 2286 277 2311 rn
295 2279 387 2314 Falto
405 2281 683 2330 congregati-onis
697 2279 824 2315 habitae
839 2282 894 2317 dle
908 2281 965 2316 28.
975 2280 1161 2327 superioris
1171 2289 1288 2325 mensis
1302 2284 1454 2328 Augusti
1466 2295 1475 2316 =
1501 2282 1579 2316 Du-

110 2320 168 2356 bio
184 2347 193 2361 ,
217 2322 322 2405 quods
333 2326 539 2407 progoltgum
559 2323 730 2408 furter-<Za
745 2326 902 2410 fitllfm
911 2330 1080 2397 solut-ianr·
1105 2338 1250 2410 ovipara}
1259 2330 1435 2410 funerilis
1454 2334 1504 2409 iiis
1513 2341 1576 2379 ca·-

99 2368 458 2496 ἓᾬὲῖᾎῖἱέξέἐὲι
473 2383 800 2460 Γὲἔῖιῗῆηῑῖἷοὲἓὲ,
818 2375 1115 2459 ὶιῗέῗὲἵέἱῖἷὲὲή
1131 2385 1580 2472 ,ζοὰυιέιῖἶῗςκέᾆέἳὲἒέἔ

63 2473 458 2553 Ληῦῑῗίῖιῒῖιῗκιέιιξῦἱέἱ
477 2515 698 2551 recedendum
711 2527 731 2550 a
756 2517 872 2561 deczfis
887 2522 922 2556 in
936 2518 1014 2563 castr
1027 2522 1104 2556 &c-

155 2603 196 2641 In
211 2604 325 2642 decisis
339 2633 351 2648 ,
375 2607 408 2644 &
421 2608 569 2657 amplius
583 2638 593 2648 .

158 2699 355 2756 EODIEN.
373 2703 591 2740 *NDULTI
602 2718 613 2739 ε
644 2705 729 2744 Haec
743 2719 876 2756 quoque
890 2708 1003 2746 Causa
1018 2708 1096 2745 data
1109 2707 1177 2745 suit
1193 2707 1228 2745 in
1241 2708 1362 2745 eodem
1382 2709 1476 2745 Folio
1495 2712 1574 2744 Con-

157 2754 377 2798 gregationis
402 2754 526 2790 habitae
539 2756 593 2792 die
609 2754 653 2791 28
666 2757 816 2804 Augusti
833 2782 845 2793 .
870 2759 968 2795 Data
983 2758 1124 2805 quidem
1137 2757 1249 2795 suerat
1265 2758 1304 2795 in
1320 2758 1415 2795 tolio
1434 2762 1574 2814 sangro

1399 2814 1524 2851 guHO'

1638 1770 1727 1812 Sesssr.
1740 1781 1795 1820 24.
1811 1785 1841 1810 c·
1861 1784 1892 1812 ἵε

1613 1815 1653 1852 de
1668 1819 1738 1864 Res]
1751 1827 1860 1857 Matr,

1638 2247 1723 2290 seſs.
1741 2257 1888 2291 asans,

1612 2296 1652 2331 de
1669 2296 1743 2341 Res*

1636 2709 1818 2761 „ress-am.
1836 2718 1892 2748 η,

1612 2760 1650 2795 de
1666 2763 1736 2803 Res:
