1956 3017
378 183 419 212 52

375 218 439 252 tias
454 244 464 256 ,
491 216 522 250 ἃ
543 212 638 248 falsas
662 211 779 254 rejicit
794 219 867 247 tum
882 208 1034 257 pluribus·
1049 206 1240 243 rationibus
1254 231 1264 246 ,
1290 213 1362 241 turn
1383 201 1464 250 quia
1477 203 1573 238 nulla
1587 211 1708 238 earum
1723 205 1858 239 mentio

372 264 462 299 sitin
482 260 718 310 posterioribus
732 259 840 294 literis
858 256 1066 303 Apostolicis
1080 255 1132 290 Pii
1145 254 1192 289 ll.
1206 253 1293 288 datis
1317 264 1406 287 anno
1427 256 1528 296 1460.
1544 278 1553 291 ,
1577 250 1706 295 quibus
1722 250 1855 288 Mona-

375 312 430 346 clii
451 307 718 345 Amorbacenses
743 306 943 342 facultatem
973 305 1205 350 impetrarunt
1232 299 1420 336 exercendi
1444 308 1565 334 curam
1593 296 1790 333 animarum
1819 300 1856 334 in

372 359 499 393 duabus
520 369 561 392 ex
581 354 775 402 supradictis
791 352 947 388 Ecclesiis
964 362 1087 397 nempe
1105 353 1139 385 in
1156 348 1350 384 Amorhach
1364 374 1374 388 ,
1391 351 1434 384 Θ
1453 352 1486 381 in
1505 345 1579 381 Zell
1612 357 1621 377 =
1648 345 1682 380 A
1707 345 1859 382 consue-

373 405 490 440 tudine
506 430 516 443 ,
541 405 573 437 3<
590 401 778 449 possessione
795 401 928 435 nullum
945 397 1010 433 esse
1027 395 1114 444 posse
1133 396 1327 431 Abbatibus
1343 391 1650 430 Amorbacensibus
1665 392 1859 438 praefidium

371 453 521 498 disputat
536 451 717 486 promotor
730 447 891 484 fiscalis,
916 445 1006 491 quod
1027 444 1216 489 requiratur
1239 440 1499 477 immemorialis
1513 465 1523 479 ‚
1549 438 1606 473 hic
1635 447 1753 475 autem
1767 463 1778 478 ‚
1802 440 1858 476 fa..

372 502 423 534 Cta
439 499 599 540 temporis
617 496 872 541 computatione
887 520 896 533 ‚
913 505 954 526 ne
969 491 1209 526 centenariam
1224 490 1366 537 quidem
1378 487 1510 526 adeffe;
1544 485 1754 522 Neceffitate
1768 486 1858 532 pres—

371 547 420 582 sos
438 546 614 593 Episcopos
628 542 808 590 permisisse
823 568 833 581 ,
860 551 897 575 ut
911 539 1102 582 Regulares
1121 538 1411 584 praesentarentur
1430 548 1442 574 ς
1465 547 1510 570 ex
1534 534 1595 568 hac
1625 534 1857 572 necessitate—,1

373 595 505 628 nullum
519 593 602 627 oriri
620 589 762 636 potuisse
777 590 831 630 Jus
849 587 1055 624 Monachis3
1086 585 1241 620 Uniones
1256 597 1322 620 non
1335 595 1353 618 a
1366 581 1534 618 Potestate
1548 580 1754 628 Episcopali
1766 607 1776 620 ,
1801 580 1859 616 sed

376 654 394 675 a
410 640 575 675 l'otestate
591 637 774 674 pontificia
790 636 959 683 pendere:
987 633 1172 679 Episcopos
1196 630 1348 667 animum
1375 631 1469 666 suum
1495 627 1677 664 declarasse
1705 627 1860 674 epistolis

374 689 527 733 pluribus
544 712 552 725 ‚
579 688 608 720 &
626 685 735 720 literis
752 682 1007 718 institutionum
1022 706 1032 722 ,
1052 677 1259 714 admiffiones
1278 677 1505 724 Regularium
1522 674 1598 710 fieri
1613 688 1659 712 ex
1679 677 1755 719 sola
1764 687 1860 721 gra-

373 739 424 770 tia
441 762 450 774 ,
466 732 641 781 agnovisse
656 732 692 767 id
712 731 865 767 Abbates
879 725 1148 763 Amorbacenses
1162 751 1172 765 ,
1190 727 1220 761 &
1236 726 1365 769 petiisse
1379 752 1390 765 ‚
1413 734 1452 760 ut
1479 738 1523 762 ex
1547 724 1622 768 sola
1632 726 1759 770 gratia
1774 722 1860 758 Mo-

373 782 472 817 nachi
488 781 755 815 admitterentur
770 803 780 813 .

326 831 360 866 Si
374 829 486 864 omnia
502 855 510 867 ‚
538 840 609 873 qua:
624 827 658 861 in
674 826 792 860 libello
810 821 1021 860 Promotoris
1039 820 1180 857 Fiscalis
1197 826 1442 866 proponuntur
1461 818 1518 854 hic
1548 828 1757 864 congregare
1780 817 1858 860 ειηί-Δ

374 888 446 910 mus
461 874 566 914 esset,
598 876 728 910 Folium
756 872 792 907 in
807 871 977 908 volumen
1000 869 1235 906 excreseeret5
1263 869 1320 902 Ab
1345 867 1485 902 Abbate
1500 863 1741 901 Amorbacenfi
1768 863 1857 900 nihil

374 924 532 957 hactenus
548 921 750 958 liabuimu83
773 923 840 955 duo
856 917 972 955 Causa:
985 916 1114 964 Capita
1130 916 1201 951 haze
1216 914 1294 950 sunt
1309 942 1317 951 .

331 970 358 1005 I.
388 976 443 1006 An
466 970 590 1005 Abhas
609 968 807 1013 Monasterij
822 964 1081 1006 ,Amorbaeensis
1105 964 1313 1011 praesentare
1330 970 1492 998 teneatur
1510 959 1762 1005 Presbyterum
1781 965 1854 993 Sae-

515 1018 666 1052 culmem
680 1017 721 1049 ad
734 1013 910 1056 Ecclesiam
925 1011 1168 1048 parochialem
1184 1014 1218 1046 in
1233 1011 1365 1046 Buchen
1380 1021 1391 1047 ;
1411 1009 1473 1052 seu
1499 1004 1620 1052 potius
1639 1007 1856 1054 praesentare

515 1064 638 1099 valeat
651 1064 801 1108 aliquem
818 1074 862 1097 ex
878 1059 1239 1105 Monachispraedifi‘is
1256 1053 1486 1097 Monasterii3

329 1112 375 1150 ΙΙ,
401 1120 459 1150 An
478 1120 637 1149 teneatur
653 1107 972 1155 etitzmpraesenttzre
987 1105 1235 1150 Presbyterum
1255 1104 1455 1138 saecularem
1471 1104 1513 1138 ad
1529 1100 1736 1142 Beneficium
1763 1102 1856 1135 Ῥνὶ-

517 1158 671 1204 miffariae
694 1160 729 1192 in
745 1156 899 1194 Buchen,
918 1154 980 1197 fleu
991 1155 1111 1201 potins
1120 1153 1333 1198 facultatem
1353 1146 1718 1198 habeatpraesentandi
1736 1153 1856 1182 Mona-

523 1206 621 1241 chum
638 1203 738 1252 ipfins
754 1200 979 1243 Monasteriiss

468 1317 818 1381 Proponatur
833 1312 887 1361 in
911 1312 1088 1380 prima
1103 1308 1224 1378 post
1241 1324 1403 1377 aquas
1423 1345 1436 1369 ‚
1470 1306 1636 1358 etiarn
1659 1304 1819 1353 unica
1844 1341 1858 1354 .

31 1415 300 1504 ςῗζῗῗῗξῑᾶῗ
437 1444 626 1483 RANEN.
653 1442 784 1486 JURIS
810 1439 1141 1481 FUNERANDI,
1167 1437 1234 1475 ET
1260 1433 1601 1476 PROCE8810NIS
1626 1446 1636 1472 3
1663 1431 1713 1468 Ex
1741 1431 1863 1467 funere

27 1471 91 1548 §1⁰
106 1474 303 1549 ‘'dffRCJJQ'
449 1493 547 1528 Rosae
562 1492 719 1544 paradiso
733 1517 742 1531 ,
772 1489 913 1536 Angelae
929 1488 1081 1525 Ganfolo
1096 1515 1106 1528 ,
1132 1488 1344 1535 aliorumque
1358 1514 1367 1526 ‚
1382 1484 1442 1530 qui
1457 1482 1668 1535 sepulturam
1681 1480 1865 1526 elegerunt

48 1539 56 1550 ⁶
86 1525 99 1553 3
139 1530 150 1549 ι
191 1518 231 1559 ef‘
380 1546 417 1580 in
430 1540 588 1577 Ecclefiis
602 1538 828 1586 Regulariuin
845 1563 854 1576 ‚
881 1536 994 1582 plures
1006 1546 1091 1572 ortae
1105 1536 1182 1570 sunt
1210 1529 1450 1571 controverfiae
1471 1539 1562 1566 inter
1579 1526 1781 1575 Capitulum
1800 1553 1809 1567 ,
1833 1528 1865 1562 &

380 1588 734 1634 Archipresbyterum
747 1584 900 1620 Ecclefiae
912 1583 1130 1619 Cathedralis
1153 1583 1257 1617 rrani
1269 1582 1306 1617 in
1321 1579 1450 1625 Apulia
1464 1577 1624 1613 Peucetia
1638 1602 1648 1615 ,
1671 1586 1745 1620 quae
1765 1586 1867 1609 una„

380 1640 425 1674 est
438 1635 648 1670 parochialis
662 1635 696 1669 in
711 1632 869 1673 universa
890 1631 1054 1667 Civitate
1069 1659 1077 1671 ‚
1102 1631 1133 1666 δι
1151 1630 1267 1666 Patres
1282 1627 1423 1665 Ordinis
1436 1623 1654 1661 Carmelitici
1682 1621 1870 1664 eiusdem...»

380 1684 548 1721 Civitatis
565 1709 571 1716 .
600 1682 674 1717 Post
688 1680 780 1716 varia
796 1679 880 1714 fausta
894 1706 904 1718 ,
929 1691 1002 1725 quae
1017 1679 1138 1714 referre
1151 1677 1276 1713 inutile
1289 1676 1336 1712 est
1348 1702 1358 1716 ,
1388 1685 1438 1709 res
1451 1672 1570 1708 delata
1584 1670 1652 1706 fuit
1668 1669 1708 1703 ad
1721 1668 1867 1703 Sacram

381 1730 698 1777 Congregationem
711 1727 951 1772 Episcoporum
964 1753 972 1763 ‚
1001 1727 1032 1761 &
1048 1725 1277 1772 Regularium
1289 1749 1299 1763 ‚
1319 1736 1338 1759 a
1351 1733 1416 1770 qua
1432 1720 1568 1755 auditus
1599 1717 1665 1753 fuit
1681 1714 1869 1760 Episcopus

382 1777 572 1814 Rubensis;
600 1776 652 1810 sed
668 1775 820 1809 Decreto
833 1774 874 1808 R.
890 1774 924 1808 P.
941 1774 992 1809 D.
1011 1769 1411 1813 Auditorisssanctissimi
1424 1767 1543 1803 Causae
1557 1764 1667 1800 omnis
1687 1762 1866 1813 cognitio-

383 1839 426 1862 ne
452 1825 605 1870 delegata
629 1823 728 1856 Sacro
754 1822 834 1856 lunc
864 1820 1046 1855 Tribunali
1070 1844 1081 1858 ,
1113 1820 1291 1864 complexa
1317 1818 1384 1853 fuit
1409 1810 1637 1850 controversia
1663 1811 1706 1845 de
1734 1808 1870 1843 runeri-

388 1877 449 1910 bus
462 1872 563 1906 Vlll.
578 1868 703 1904 Dubiis
713 1880 879 1914 ‚quorum
891 1867 961 1902 sola
977 1867 1120 1901 lectione
1134 1867 1235 1901 status
1248 1863 1439 1912 quaestionis
1455 1861 1558 1896 facile
1573 1855 1721 1904 intelligi
1737 1855 1845 1902 potest
1857 1883 1866 1891 .

386 1919 488 1956 Hisce
506 1918 603 1953 Vlll.
621 1915 690 1951 alia
704 1925 769 1950 tria
796 1915 912 1950 addita
938 1915 1015 1949 sunt
1030 1939 1040 1952 ‚
1070 1926 1144 1962 quae
1167 1912 1211 1949 ad
1233 1924 1388 1959 pompam
1402 1936 1413 1950 ‚
1436 1909 1503 1945 {ive
1522 1905 1776 1943 Processionem
1790 1903 1870 1949 spe-

386 1971 477 2003 ctant
489 1964 710 1999 sanctissime
728 1963 884 2008 Virginis
898 1963 938 1996 de
955 1961 1080 1997 Monte
1095 1961 1255 1997 Carmclo
1275 1987 1285 2001 ,
1309 1972 1382 2005 quae
1396 1957 1531 2003 singulis
1541 1954 1641 1989 annis
1664 1951 1721 1987 die
1738 1957 1791 1987 16.
1810 1950 1869 1991 Ju-

388 2011 612 2049 liiducisolet
636 2021 655 2043 a
678 2009 830 2044 Patribus
847 2009 994 2051 ejusdem
1009 2008 1172 2046 Ordinis
1196 2006 1409 2043 exacerbatis
1432 2004 1525 2038 enim
1540 2000 1691 2038 Partium
1714 1998 1837 2032 animis
1852 2023 1863 2037 ,

376 2058 625 2098 controversiae
635 2059 674 2091 de
690 2057 766 2097 Jure
781 2056 965 2091 funerandi
980 2055 1078 2089 alteri
1095 2055 1173 2090 huic
1185 2053 1331 2089 Causam
1344 2053 1509 2087 dederunt
1527 2076 1534 2084 .
1567 2045 1748 2083 Ducendae
1766 2044 1869 2086 huius

388 2107 621 2145 l'rocessionis
644 2104 783 2138 veniam
797 2113 917 2148 petunt
932 2103 1048 2138 Patres
1061 2103 1102 2136 ab
1116 2100 1390 2146 Archiepiscopo
1410 2112 1419 2132 ι
1442 2094 1660 2132 Processioni
1674 2090 1869 2129 interesse..-

389 2156 498 2192 solent
511 2156 551 2189 ab
564 2151 660 2188 annis
674 2144 1078 2198 vigintiquinque'rogati
1093 2161 1112 2183 a
1124 2149 1283 2184 Patribus
1296 2146 1439 2182 Sodales
1465 2146 1500 2179 S.
1514 2141 1652 2179 Rocchi
1670 2168 1679 2180 ‚
1712 2138 1872 2176 interfuit

389 2203 508 2248 saepius
523 2199 686 2237 Vicarius
702 2198 909 2237 Generalis,
940 2197 1072 2244 Regius
1099 2195 1343 2234 Gubernator,
1371 2192 1538 2241 Syndicus
1554 2217 1565 2231 ,
1589 2191 1623 2225 ὃ(
1649 2188 1762 2235 plures
1788 2185 1871 2221 laici

391 2251 481 2286 faces
493 2249 676 2296 gestantes:
703 2245 838 2281 veniam
850 2271 859 2284 ,
872 2254 909 2280 ut
922 2245 1005 2279 solet
1020 2271 1030 2284 ,
1052 2243 1298 2279 Proceflionem
1312 2240 1458 2277 ducendi
1474 2250 1567 2274 anno
1580 2236 1747 2272 transacto
1768 2243 1866 2280 1749.

392 2292 872 2343 Archiepiscopusconceffit,·
899 2291 1022 2327 Edicto
1044 2301 1157 2326 tamen
1171 2289 1344 2336 proposito
1361 2287 1533 2334 prohibuit
1549 2311 1572 2327 ,‚
1598 2284 1633 2319 in
1656 2284 1750 2317 detta
1782 2281 1872 2315 Pro-

347 2372 371 2388 „
394 2346 538 2381 ccffione
553 2344 576 2378 l’
591 2341 788 2376 intervente
811 2340 1010 2386 d'ogn‘altra
1021 2338 1282 2374 Confraternita
1298 2361 1309 2374 ,
1334 2346 1353 2369 e
1365 2335 1400 2370 d’
1411 2336 1499 2372 altra
1514 2332 1663 2380 persona
1678 2329 1765 2381 lacia
1784 2354 1793 2367 ,
1804 2327 1869 2361 che

349 2417 373 2433 0,
397 2391 531 2429 vestitia
553 2388 731 2433 dicamige
755 2386 778 2421 fi
800 2385 924 2423 voleffe
944 2386 993 2421 far
1007 2386 1114 2422 lecito
1142 2384 1176 2420 di
1190 2383 1528 2432 proceffionalmente
1545 2381 1754 2415 intervenire
1771 2400 1781 2413 ,
1810 2385 1872 2407 ec-

348 2465 372 2479 „
396 2448 595 2475 cettuatene
612 2435 727 2481 quelle
751 2434 824 2469 sole
839 2434 981 2481 persone
996 2461 1006 2476 ‚
1028 2435 1091 2469 che
1116 2432 1258 2469 saranno
1283 2428 1467 2466 necessarie
1494 2441 1513 2463 a
1530 2437 1668 2473 portare
1700 2423 1735 2458 la
1751 2422 1873 2455 Statua

347 2511 371 2526 ³‚
396 2486 484 2567 <113ellla
498 2486 602 2567 Bfata
621 2482 772 2530 Vergine
787 2510 798 2523 ,
833 2483 856 2517 l'
869 2482 935 2518 aste
960 2482 1015 2517 del
1030 2479 1140 2517 Pallio
1157 2507 1166 2523 ‚
1191 2492 1210 2515 e
1233 2479 1294 2514 soli
1316 2486 1456 2525 quattro
1470 2475 1650 2524 Lampioni
1675 2471 1811 2513 intorno
1839 2468 1874 2502 al

351 2558 375 2571 ο,
429 2545 446 2566 a
464 2533 510 2568 lio
541 2535 661 2567 udetto
674 2557 684 2566 .
1505 2558 1508 2563 ,
1584 2557 1585 2562 ,
1857 2556 1860 2559 Δ

347 2579 418 2616 Ubi
434 2579 465 2614 id
482 2579 694 2615 resciverunt
705 2578 909 2615 Carmelitae
925 2602 935 2615 ‚
957 2588 1075 2625 preces
1087 2574 1293 2611 obtulerunt
1309 2570 1672 2618 Archiepiscopoveum
1687 2573 1852 2612 rogantes
1867 2585 1877 2600 ‚

373 2649 376 2651 ·
394 2635 433 2662 ut
445 2636 602 2665 caveret,
627 2638 669 2661 ne
683 2625 808 2672 aliquid
820 2627 971 2661 oriretur
985 2623 1133 2660 scandali
1146 2634 1189 2657 ex
1206 2620 1521 2658 machinationibus
1533 2614 1791 2667 Canonicomm
1805 2637 1814 2650 ‚
1839 2608 1871 2645 ὅ(

393 2672 550 2719 epistolas
568 2673 658 2707 Sacri
673 2673 773 2714 hujus
786 2672 989 2708 Tribunalis
1001 2698 1012 2711 ‚
1038 2670 1160 2718 quibus
1174 2668 1327 2713 ejusdem
1359 2667 1527 2702 sententia
1544 2664 1726 2708 patebatur
1743 2675 1752 2700 ,·
1777 2660 1808 2694 &
1835 2665 1872 2691 ut

392 2721 534 2756 interim
546 2721 752 2763 servaretur
774 2722 916 2763 solitum
942 2720 1124 2761 jubebatur
1149 2719 1260 2753 eidem
1291 2712 1564 2760 Archiepiscopo
1582 2736 1591 2750 ‚
1617 2708 1877 2756 reddiderunt.-

393 2769 460 2802 llle
474 2766 619 2811 acceptis
633 2766 758 2802 litteris
772 2768 915 2802 edietum
929 2765 1056 2803 servan·
1072 2765 1161 2808 jufflt
1177 2791 1187 2805 ,
1207 2764 1295 2812 quod
1315 2761 1433 2797 eadem
1463 2759 1519 2793 die
1534 2757 1758 2804 proposuerat
1771 2780 1779 2788 .
1797 2752 1873 2788 Edu

391 2815 443 2849 cto
454 2822 637 2862 paruerunt
651 2813 848 2853 Carmelitae
864 2839 876 2856 ,
895 2813 996 2851 duCta
1008 2813 1055 2851 est
1067 2814 1168 2850 Sacra
1181 2812 1306 2850 Pomea
1317 2834 1328 2852 ‚
1347 2806 1566 2854 advenitque
1581 2805 1623 2842 ad
1639 2803 1745 2841 Urbis
1757 2800 1878 2851 locum
1951 2804 1956 2831 1

1765 2857 1826 2894 qui
