1945 3028
1442 97 1446 100 ’
1522 100 1535 124 t

79 133 163 180 spari
178 130 333 170 paschali
346 129 548 169 Maroechio
562 159 572 173 ,
585 131 724 180 Regina
739 130 853 168 Maria
871 130 997 168 Ascani
1009 132 1165 180 confugit
1178 132 1217 168 ad
1231 97 1535 181 SagratiffimuirZ,
1604 155 1665 171 ..-

81 182 279 227 Principum
299 179 460 216 Nostrum
477 206 486 218 ‚
502 181 721 228 precibusque
736 180 860 215 oblatis
878 206 888 219 ‚
907 179 1089 225 postulavit
1101 186 1318 224 sanationem
1333 184 1549 219 nominatio-

81 231 133 265 nis
151 256 161 270 ,
183 231 217 265 &
233 231 274 264 ab
289 229 432 275 Optimo
456 227 615 278 Principe
628 230 706 264 data
722 227 788 263 fuit
811 228 1054 273 postulationis
1078 229 1176 271 hujus
1199 230 1357 275 cognitio
1373 227 1551 278 Am‘pliffi-

82 277 146 313 mis
163 277 323 312 Patribus
339 300 349 311 .
365 276 465 312 Datae
484 275 622 313 fuerunt
636 278 697 310 bac
709 276 749 311 de
763 287 799 310 re
815 276 939 310 litterae
957 302 966 315 ‚
994 285 1030 310 ut
1047 276 1117 311 fieri
1131 275 1218 314 solet
1232 302 1242 316 ,
1269 278 1308 310 ad
1324 276 1525 322 Episcopum
1539 304 1550 318 ‚

81 324 201 361 sedeas
217 323 358 360 retinuit
369 324 506 370 Regina
519 353 528 366 ,
554 333 687 359 mutato
698 323 790 358 enim
806 323 952 357 consilio
967 350 976 362 ,
1000 333 1037 359 ut
1051 324 1243 359 declinaret
1265 323 1431 366 iudicium
1451 325 1552 371 Epis-
1599 340 1601 342 ·

79 372 181 419 copi,
195 372 254 408 usa
267 372 312 408 est
329 371 536 419 indulgentia
548 371 771 408 celeberrime
786 371 854 417 leg.
870 373 972 406 unIcz
991 370 1203 416 Conuand.
1215 377 1339 418 Imper.
1356 398 1364 411 ,
1390 373 1421 407 &
1439 372 1551 408 Causa

81 419 195 455 delata
209 419 274 455 fuit
287 420 325 454 ad
338 418 508 454 Tribunal
521 422 565 456 A.
581 419 624 455 C.
637 445 648 458 ,
669 418 771 460 cujus
783 417 950 454 sententia
964 417 1143 454 definitum
1160 417 1207 453 est
1219 418 1353 453 nullam
1368 418 1462 454 fuiss'e
1478 418 1552 455 Re-

82 470 172 514 ginae
183 468 451 510 nominationem
466 494 473 502 .
507 466 716 505 Sententiam
732 465 817 500 hanc
832 464 1056 502 Manfionarii
1072 475 1294 511 acceptarunt
1313 478 1323 504 ;
1348 478 1416 501 non
1434 477 1550 502 tamen

79 515 198 550 animo
213 512 336 550 cecidit
352 513 485 561 Regina
497 541 508 554 ‚
521 516 691 560 rediitque
709 514 748 548 ad
760 513 907 559 primam
921 513 1106 548 sanationis
1122 513 1384 558 postulationem
1398 528 1406 548 ε
1419 514 1552 550 Reddi-

84 563 136 597 dit
150 561 314 608 Episcopo
331 560 483 598 Litteras
495 563 588 600 Sacri
603 563 700 604 hujus
718 559 943 596 Tribunalis.
972 560 1167 608 Respondit
1191 559 1394 609 Episcopus,
1422 560 1552 597 animi-

88 621 155 656 que
172 609 221 644 sui
235 608 433 644 sententiam
447 621 564 647 contra
577 609 749 657 Reginam
764 607 969 655 significavit
985 637 993 644 .

42 656 150 692 Causa
163 668 250 692 nunc
265 657 462 702 proponitur
474 682 484 696 ,
497 660 527 694 &
541 658 755 694 senationem
769 682 779 695 ,
794 668 898 702 quam
912 656 1027 703 regina
1038 655 1188 699 postulat
1203 658 1245 692 ab
1259 656 1323 692 hoc
1339 657 1445 692 Sacro
1458 656 1548 691 Tri-

86 704 204 739 bnnali
217 731 228 745 ,
243 715 313 740 non
323 702 386 738 esse
400 707 648 742 concedendam
660 704 837 749 disputant
851 703 1047 741 Marocchii
1060 728 1071 743 ‚
1085 706 1176 751 quod
1191 705 1484 740 oommutationes
1496 704 1552 740 ul-

83 751 245 787 timarum
259 752 477 788 voluntatum
487 751 618 789 nonnisi
633 765 674 788 ex
688 752 786 795 iuxta
800 777 809 790 ‚
822 753 856 787 8<
871 750 1057 786 necessaria
1074 751 1170 786 causa
1186 750 1258 786 fieri
1273 752 1417 786 debeant
1434 778 1444 791 ‚
1460 763 1552 798 prce-

84 799 201 835 sertim
216 825 228 839 ,
241 797 265 833 fi
286 811 326 834 ex
344 803 610 838 commatatione
624 800 740 845 iniqua
757 799 853 834 alteri
868 798 1025 834 donditio
1043 798 1246 835 inferrerut:
1269 798 1487 835 necessariam
1501 799 1554 834 es-

87 846 122 882 se
134 847 438 882 commutationem
452 848 641 885 voluntatis
655 846 846 882 Bartolacci
861 873 871 887 ,
895 855 933 881 ut
948 845 1116 881 sanationi
1130 845 1169 882 sit
1185 848 1276 882 locus
1291 861 1300 885 ;
1332 847 1445 882 voluit
1458 847 1553 881 enim

86 894 149 928 ille
162 919 172 932 ,
183 902 222 928 ut
237 894 350 930 dotale
365 894 545 932 subsidium
561 895 773 943 praestaretur
785 893 916 929 Puellis
931 921 940 934 ‚
953 906 1024 940 quae
1042 895 1250 930 Monasterio
1263 906 1391 930 nomen
1403 894 1525 929 darent
1540 919 1552 934 ,

87 953 155 978 non
168 953 241 989 quae
254 943 465 978 nuberentin
480 944 622 980 saeculo:
647 941 921 989 Consanguineis
944 953 1026 976 vero
1039 940 1350 977 Manfionariorurn
1364 969 1373 982 ,
1400 940 1422 975 si
1439 943 1551 976 nube-

93 997 170 1024 rent
181 988 351 1035 ‚praestare
365 989 479 1026 voluit
491 1016 502 1031 ,
525 991 656 1038 quando
671 989 893 1035 ritrovaffiero
908 989 1052 1029 ostacolo
1068 1014 1079 1028 ,
1106 1003 1123 1025 e
1138 990 1301 1033 difficolta'
1314 990 1398 1026 nell'
1414 1003 1444 1035 e,
1459 1003 1549 1028 ere>

89 1045 261 1072 accettate
277 1042 311 1074 in
324 1037 550 1085 qualsivoglia
566 1037 752 1080 Monastero
766 1049 774 1069 ε
790 1037 858 1071 hoc
871 1048 938 1070 non
952 1036 1127 1071 monstrari
1138 1047 1156 1070 a
1171 1035 1308 1083 Regina
1321 1063 1331 1077 2
1345 1048 1418 1083 (1ssae
1429 1035 1548 1082 qostu·

88 1082 176 1118 tavit
187 1083 367 1119 subsidium
380 1110 390 1124 ,
401 1094 439 1120 ut
449 1085 593 1121 nuberet
607 1112 617 1126 ‚
631 1085 772 1131 longam
787 1082 850 1117 esse
864 1081 1091 1119 differentiam
1108 1083 1200 1119 inter
1216 1093 1399 1129 utrumque
1411 1084 1541 1123 casum,

85 1141 196 1176 neque
209 1131 360 1178 legatum
373 1131 528 1168 relictum
540 1133 575 1169 in
586 1133 662 1177 casu
678 1128 840 1179 ingressus
869 1132 904 1165 in
923 1129 1172 1166 Monasterium
1201 1132 1418 1176 praestandum
1432 1130 1494 1165 esse
1510 1131 1548 1166 in

88 1176 165 1213 casu
175 1179 373 1225 nuptiarum
385 1180 571 1215 carnalium
585 1188 716 1216 Duran.
729 1181 767 1214 de
779 1180 893 1214 condit
912 1205 922 1219 ‚
935 1182 979 1215 ὠ·
994 1179 1089 1213 Mod.
1103 1179 1226 1225 impoJlI
1245 1188 1317 1227 ιφ.
1350 1189 1381 1218 3.
1405 1191 1435 1213 n.
1462 1191 1523 1225 40.
1538 1202 1549 1216 ‚

88 1227 239 1272 &seqq-
255 1228 392 1262 ciarlin.
407 1229 682 1272 controver.f0r.
696 1238 768 1274 cap.
791 1225 868 1260 218.
883 1238 916 1261 n.
930 1234 986 1269 5¹2.
1012 1233 1113 1268 atque
1129 1224 1216 1260 hanc
1229 1225 1291 1261 effe
1310 1234 1549 1273 perpetuam-n

86 1272 179 1307 Sacri
192 1273 289 1316 hujus
303 1272 503 1309 Tribunalis
518 1273 719 1309 sententiam
732 1272 863 1307 monuit
878 1273 1061 1308 Monacell.
1078 1275 1224 1309 Formul.
1254 1275 1374 1320 Legal.
1402 1276 1461 1309 tit.
1492 1284 1546 1307 ro.

88 1320 153 1354 lib.
176 1331 202 1355 r.
227 1335 261 1355 n.
279 1332 313 1362 9.
334 1320 539 1367 Cumigitur
553 1320 664 1365 plures
685 1319 749 1355 fint
763 1320 895 1354 Civicae
911 1346 921 1360 ‚
945 1318 1156 1364 honesteque
1168 1320 1374 1355 conditionis
1392 1320 1547 1359 Puellae,

85 1378 159 1412 quae
172 1378 293 1402 nomen
309 1368 342 1402 in
358 1367 535 1413 Religiosis
549 1368 717 1404 Domibus
733 1363 887 1412 profiteri
901 1367 1049 1413 cupiunt
1071 1393 1080 1406 ,
1107 1378 1168 1402 nec
1182 1366 1316 1413 poss'unt
1331 1368 1482 1415 augustia
1499 1367 1547 1402 rei
1578 1346 1616 1381 de
1642 1345 1762 1394 Regul'

85 1414 277 1453 familiaris,
289 1415 444 1461 iniquum
456 1415 565 1450 videri
581 1415 666 1451 hanc
680 1413 885 1449 sanationem
900 1415 934 1448 in
947 1423 1063 1448 earum
1076 1414 1321 1452 detrimentum
1336 1415 1548 1452 concedere.

86 1462 122 1496 A
135 1460 274 1508 Regina
288 1462 375 1497 nihil
390 1461 568 1498 habuimus
585 1476 590 1496 :
609 1463 765 1499 Dubium
784 1461 850 1496 est.

39 1509 99 1546 'uin
107 1508 152 1553 fit
164 1510 399 1554 confidendum
415 1511 617 1557 Sanlliffimo
627 1511 881 1560 profiznatlone
899 1511 1166 1548 'Nominationis
1176 1512 1212 1546 in
1225 1511 1301 1556 casu
1316 1515 1380 1550 &c
1393 1537 1405 1547 .

177 1619 369 1672 Dilata
384 1619 451 1672 ad
468 1620 707 1689 primum
726 1620 844 1691 post
864 1621 1035 1690 Reges
1060 1655 1073 1673 .

133 1748 353 1788 ISBONEN.
377 1750 769 1790 REsTITUTIOle
794 1753 847 1791 IN
872 1753 1148 1791 INTEGRUM
1163 1764 1171 1786 ι
1188 1750 1374 1789 UtFiliam
1389 1780 1398 1794 ,
1413 1763 1552 1801 quam...»

127 1801 296 1849 :maximo
312 1801 602 1847 prosequebantur
615 1801 814 1842 amore‚asse
829 1812 906 1839 toto
920 1804 1089 1840 haberent
1103 1801 1269 1838 haeredem
1285 1800 1469 1836 Bernaidus
1489 1800 1550 1834 Pe-

87 1856 176 1882 relra
187 1847 233 1882 de
243 1848 344 1884 Sousa
359 1875 369 1888 ,
384 1849 416 1883 δι
427 1848 621 1896 Augustina
637 1848 789 1884 Ferreria
804 1850 979 1896 Coniuges
997 1848 1177 1886 confilium
1191 1848 1340 1889 injerunt
1357 1849 1556 1889 ,loannem-.-

83 1889 194 1929 filium
207 1895 243 1930 in
260 1895 504 1932 Monasterium
518 1896 655 1941 aliquod
674 1896 834 1941 adigendi
849 1922 856 1931 .
885 1896 1003 1932 Primo
1016 1899 1130 1942 itaque
1155 1906 1231 1929 eum
1247 1895 1399 1940 precibus
1431 1894 1557 1940 impor-

43 1965 47 1968 -
84 1941 179 1976 tunis
191 1944 301 1978 adorti
313 1943 388 1978 sunt
402 1968 414 1982 ,
426 1944 502 1982 sed,
514 1954 591 1978 cum
606 1941 695 1976 nihil
707 1942 915 1990 proficerent
931 1971 939 1985 ,
964 1946 1005 1979 ad
1018 1946 1127 1978 minas
1140 1951 1305 1977 venerunt
1320 1969 1328 1977 .
1359 1941 1466 1976 Filius
1481 1966 1492 1980 ,
1518 1949 1557 1976 ut

83 1986 272 2026 Parentum
284 1990 424 2026 consilia
435 1990 590 2025 eluderet
603 2016 613 2030 ,
636 1988 773 2025 militiae
787 1989 932 2027 adscribi
952 1990 1092 2027 curavit
1108 2014 1118 2029 ,
1142 1989 1384 2034 impedimenta
1412 1996 1560 2025 tamen.»

85 2034 134 2070 ita
144 2037 298 2082 praestitit
309 2038 407 2073 Pater
418 2062 429 2076 ,
443 2045 480 2071 ut
492 2035 581 2072 nihil
593 2037 704 2072 actum
721 2036 826 2073 fuerit
841 2064 850 2074 .
865 2038 980 2075 Edixit
995 2037 1078 2073 inde
1102 2036 1190 2071 Filio
1210 2036 1309 2072 Pater
1324 2063 1334 2077 ,
1352 2035 1462 2071 vellet
1476 2036 1558 2070 nol-

87 2081 138 2118 let
149 2084 329 2132 Religioso
340 2084 444 2120 alicui
459 2084 582 2120 Ordini
599 2095 724 2120 nomen
738 2086 843 2120 daret:
859 2087 1104 2122 detrectantem
1118 2082 1229 2119 filium
1251 2085 1286 2119 in
1302 2082 1459 2119 interiori
1479 2084 1559 2118 Do-

93 2139 164 2165 mus
176 2133 341 2168 cubicuio
355 2131 458 2168 claufi
472 2158 482 2172 ‚
498 2132 554 2167 ubi
571 2131 711 2168 modico
727 2133 808 2168 cibo
824 2134 1044 2170 miserrimam
1058 2141 1174 2180 ageret
1188 2132 1310 2169 vitam.
1325 2131 1439 2166 Mater
1452 2131 1560 2166 etiam

94 2176 246 2223 utspecie
269 2180 415 2216 Pietatis
435 2180 631 2226 graviorem
647 2179 808 2216 timorem
822 2181 965 2217 inferret
979 2209 990 2222 ,
1016 2180 1126 2216 filium
1142 2181 1275 2215 monuit
1291 2207 1300 2220 ,
1324 2189 1362 2214 ut
1377 2177 1467 2214 Patri
1488 2190 1560 2213 mo·

94 2233 166 2258 rem
176 2237 310 2272 gereret
327 2257 335 2270 ,
348 2229 439 2264 secus
452 2229 486 2262 in
505 2228 616 2264 indias
630 2228 814 2264 translatus
826 2228 938 2265 fuiffet
949 2257 959 2271 ‚
975 2231 1010 2265 in
1024 2239 1106 2275 quas
1122 2227 1337 2275 perditissimi
1353 2226 1479 2273 quique
1495 2227 1559 2261 de-

92 2277 223 2320 portari
234 2275 342 2312 solent
358 2304 366 2313 .
394 2275 513 2313 ViCtus
528 2286 583 2312 tot
594 2275 693 2311 malis
706 2275 854 2318 Joannes
868 2277 1128 2313 Monasteriun?
1145 2275 1177 2310 se
1193 2274 1413 2321 ingressurum
1429 2273 1558 2318 promi-

92 2318 155 2351 111:
170 2317 230 2370 sed
243 2325 377 2360 eductus
389 2336 407 2359 e
425 2324 605 2360 domestico
631 2334 766 2360 carcere
785 2325 830 2361 ad
846 2323 1127 2372 Consanguineos
1144 2323 1208 2359 ivit
1222 2350 1231 2363 ,
1262 2333 1409 2369 quorum
1423 2331 1558 2367 opera..

95 2369 350 2417 rnatrlmonium
365 2372 502 2418 aliquod
517 2373 605 2408 inire
619 2371 766 2409 stadum
790 2373 822 2408 id
840 2373 897 2407 ubi
913 2373 1051 2408 rescivit
1070 2371 1171 2406 Pater
1184 2397 1193 2411 ,
1213 2373 1276 2406 hoc
1290 2380 1424 2416 quoque
1448 2365 1558 2402 diffu-

94 2423 191 2458 gium
208 2417 372 2459 praecluslt
385 2443 395 2456 .
416 2419 510 2455 Cum
527 2420 641 2465 itaque
658 2419 754 2454 nulla
778 2421 921 2465 amplius
937 2420 1006 2463 spes
1018 2417 1100 2454 effet
1120 2418 1299 2453 fraudandi
1325 2415 1468 2452 consilia
1491 2414 1552 2449 Pa-

95 2470 229 2496 ressfflm
242 2489 252 2505 2
273 2465 409 2504 loannes
422 2467 458 2502 in
486 2467 699 2503 Monasterio
726 2468 756 2502 S.
771 2466 894 2503 Mariae
918 2465 1120 2503 Gratiarum
1138 2466 1280 2501 Ordinis
1305 2463 1558 2500 Calceatorum

96 2509 128 2543 S.
143 2509 326 2560 ngustini
342 2512 532 2559 Uliffipone
556 2515 672 2550 Vestes
688 2514 880 2561 Religiosas
894 2516 1025 2561 accepit
1056 2540 1066 2553 ‚
1086 2513 1293 2550 certioribus
1308 2511 1440 2559 pridem
1460 2508 1555 2544 fastis

98 2566 215 2592 amicis
226 2560 266 2593 de
279 2558 313 2593 vi
330 2585 341 2599 ,
355 2569 510 2607 metuque
526 2574 544 2597 a
557 2562 761 2599 Parentibus
776 2563 874 2598 illato
891 2589 901 2603 ‚
923 2563 1029 2608 deque
1044 2562 1157 2597 animo
1173 2558 1382 2595 reclamandi
1396 2568 1561 2605 quocum-

95 2613 161 2648 que
172 2604 277 2649 poffet
295 2616 451 2652 tempore
463 2633 472 2642 .
500 2610 815 2654 Annol'obationis
830 2638 840 2651 ,
866 2620 1009 2646 curante
1025 2611 1125 2645 Patre
1140 2634 1150 2648 ,
1166 2608 1256 2643 areta
1271 2605 1420 2643 custodia
1432 2604 1512 2640 dete
1521 2616 1559 2638 n-

98 2658 153 2686 tus
167 2649 231 2686 fuit
244 2679 254 2694 ,
274 2664 309 2689 ut
325 2656 438 2691 nultus
451 2655 553 2690 homo
566 2669 643 2693 eum
654 2659 783 2705 alloqui
799 2657 925 2705 poss'et3
947 2658 968 2692 st
983 2658 1143 2704 quivero
1160 2667 1238 2693 eum
1260 2667 1326 2691 una
1342 2666 1419 2690 cum
1443 2653 1557 2688 Matre

96 2708 355 2744 convenerunt,
380 2704 530 2739 animum
543 2705 614 2747 ejus
629 2716 648 2739 a
674 2706 768 2742 Statu
783 2706 974 2743 Monastico
996 2704 1173 2741 adversum
1188 2730 1198 2743 ‚
1223 2703 1395 2750 Patrisque
1427 2702 1561 2738 minas,

97 2745 169 2783 vim
182 2757 378 2798 metumque
392 2750 530 2789 illatum
542 2753 771 2793 audiverunt.
797 2756 921 2791 Exacto
935 2752 1154 2792 Probationis
1169 2754 1274 2788 Anno
1284 2779 1294 2793 ,
1312 2748 1560 2798 Proseflionem

1472 2806 1559 2830 ΕἿΠΙ·
