1978 3017
397 125 476 198 gezra-
505 152 686 192 Ecclesiam
712 146 776 188 esse
799 144 1029 191 collegiatam
1064 140 1244 190 respondet
1272 139 1475 185 Capitulum
1500 140 1720 176 cathedralis
1747 167 1757 180 ‚
1781 139 1885 177 cum>

397 217 490 252 aeque
506 201 721 253 convefflam
736 225 745 238 ²
771 198 804 233 ἃ
824 193 897 229 fieri
922 193 1045 240 ΡΟΗῙῙη
1063 217 1073 231 ³
1096 204 1114 226 2¹
1139 190 1292 237 qualibet
1317 188 1791 234 Sacerdotumcongregatio
1804 201 1845 223 ne
1863 214 1875 227 ‚

399 235 1870 344 Ϊέῧῗςξὲ)ξῗάἓῖῗῧὲἓμῗὲἰωῗὲἶχὲἕέῑῖ·εἶῖεῖἕᾏῗιῖΞὶἒὶἑξῗῖῗόηώζῖΐέἒεὲἰὲἵὸζζ

399 348 435 381 S.
450 345 571 380 Mariae
587 340 755 377 Fluminis
782 335 900 382 colligi
917 333 1009 381 posse
1021 332 1226 369 certioribus
1241 329 1452 377 argumentis
1469 355 1478 368 ‚
1506 331 1598 375 quod
1623 340 1744 374 nempe
1776 330 1872 364 1212113

399 395 437 430 in
463 404 504 427 ea
527 387 798 427 sitCanonicalis
811 383 992 419 Praebenda
1006 407 1016 422 ,
1047 381 1139 426 quod
1157 376 1333 413 Beneficia
1350 403 1361 417 ,
1388 389 1463 422 quae
1484 377 1520 411 in
1536 377 1598 411 illa
1617 378 1695 412 sunt
1712 399 1722 413 ‚
1748 376 1873 420 praeci..

399 441 471 476 sam
487 464 497 477 ‚
519 439 551 474 &
571 435 778 484 personalem
803 430 1016 466 residentiam
1042 439 1112 463 non
1144 425 1318 472 requirant
1343 450 1353 463 ‚
1381 425 1470 470 quod
1495 435 1604 459 vacua
1631 421 1785 471 poffeflio
1806 434 1874 457 non

400 487 556 523 tradatur
593 481 840 529 capitulariter
862 477 1027 522 affignato
1052 476 1130 510 loco
1147 500 1158 513 ,
1187 474 1242 508 seu
1265 471 1364 507 stallo
1385 483 1420 505 in
1447 471 1569 506 Choro
1597 498 1607 511 ,
1633 472 1665 506 3<
1693 481 1779 506 voce
1809 470 1873 504 ind

400 533 585 579 Capitulo,
601 530 690 576 quod
704 527 807 563 nullae
822 523 884 560 lint
898 521 1177 558 constitutiones
1191 518 1418 565 Capitulares
1435 545 1445 558 ,
1468 519 1573 553 immo
1587 518 1677 565 quod
1690 529 1747 552 eas
1765 544 1774 558 ‚
1800 529 1874 562 quae

402 594 422 618 a
441 579 585 627 Synodo
602 575 807 613 Dioecesana
826 583 888 619 pro
900 569 1109 622 Collegiatis
1125 567 1282 603 Ecclesiis
1298 566 1376 601 latae
1392 564 1528 600 suerunt
1541 593 1552 606 ,
1567 576 1750 610 numquam
1765 576 1874 610 agno-

402 630 495 665 scere
511 626 690 662 voluerint
704 617 929 657 Beneficiarti
943 617 974 652 S.
989 617 1109 653 Mariae
1128 615 1300 650 Fluminis
1316 640 1326 653 ,
1341 613 1429 659 quod
1444 614 1579 648 nullum
1602 613 1749 653 habeant
1777 622 1875 646 com-

402 686 507 712 mune
530 673 693 721 Signum,
714 669 850 706 nullum
864 664 1068 702 .A1·chivum
1085 692 1092 700 .
1119 664 1205 698 Haec
1230 662 1264 696 in
1286 660 1345 696 suo
1371 660 1493 695 libello
1506 660 1713 707 Capitulum
1728 672 1738 692 ε
1766 669 1783 693 a
1812 657 1876 693 Be-

404 721 594 759 neficiariis
620 718 710 754 nihil
732 715 914 752 habuimus
927 736 938 747 .
965 711 1083 746 Unum
1097 709 1143 746 est
1154 709 1275 744 Causae
1291 706 1408 752 Caput
1423 732 1431 741 .

358 773 420 809 ,An
439 768 582 811 Ecclesia
599 773 632 801 S.
648 769 770 801 Maria
786 762 955 799 Fluminis
976 760 1101 805 Oppidi
1122 758 1258 793 Ceccani
1278 756 1447 810 praetensa
1465 756 1653 801 Collegiata
1667 779 1677 794 ‚
1707 752 1875 800 ejtgsquoe

410 815 611 859 Beneficiati
628 820 814 850 teneantur
841 811 964 854 vigore
984 807 1127 840 eoncilia·
1140 804 1283 850 Romani
1307 813 1340 836 m
1364 812 1440 848 cap.
1463 804 1553 839 unic,
1574 804 1612 837 de
1626 801 1758 845 VEccles.
1786 800 1877 843 aedif.

406 866 545 910 solvere
570 862 715 898 mediam
739 864 901 893 armatam
915 855 1043 899 favore
1061 852 1214 899 Capituli
1230 849 1444 886 cathedralis
1459 849 1634 885 Ferentini
1658 849 1693 882 in
1711 848 1785 892 casia
1801 852 1878 885 (syc.

462 910 588 949 Dilata
606 910 646 946 ad
670 906 869 954 sequentem
883 929 893 941 .

51 1039 331 1087 Seffiuomd&
366 1011 461 1094 V
486 1004 753 1042 ALENTINA
779 995 1185 1036 DISPENSATIONIS
1200 1016 1212 1029 .
1235 993 1369 1039 Captus
1385 1002 1501 1028 amore
1520 991 1644 1029 Mariae
1658 988 1797 1027 Sei-altae
1814 988 1883 1023 ho-

49 1100 85 1133 40
102 1091 139 1126 de
159 1086 228 1133 Res
243 1090 334 1122 Mat·

491 1054 590 1089 nestae
604 1078 613 1091 ‚
640 1049 861 1093 formosaeque
877 1046 1002 1082 Puellae
1021 1043 1144 1092 joseph
1159 1042 1313 1077 Zimenes
1326 1066 1336 1080 ,
1360 1040 1512 1076 Uxorem
1527 1040 1610 1076 licet
1623 1040 1767 1075 haberet
1797 1062 1806 1075 ‚
1832 1036 1883 1070 li-

415 1104 533 1139 berum
550 1110 665 1134 tamen
692 1097 725 1132 se
748 1096 863 1131 dicens
877 1120 888 1134 ,
909 1091 1060 1127 Mariam
1073 1089 1228 1134 decepit,
1252 1089 1283 1123 &
1307 1099 1387 1123 cum
1404 1099 1445 1123 ea.
1460 1087 1723 1123 Matrimonium
1736 1093 1881 1120 contra-

414 1151 467 1188 xit
482 1175 493 1189 ‚
513 1148 603 1196 quod
637 1146 715 1181 inde
740 1143 859 1190 agnita
893 1139 1035 1177 fraude,
1059 1138 1192 1173 nullum
1208 1162 1218 1175 ,
1243 1135 1445 1179 irritumque
1468 1136 1674 1170 declaratum
1688 1133 1754 1174 fuit
1804 1131 1884 1165 De-

413 1206 515 1243 cepta
535 1220 545 1234 ,
569 1193 760 1239 vitiataque
776 1187 912 1225 Mulier
929 1186 995 1222 sese
1015 1185 1155 1231 praebuit
1170 1182 1359 1219 Franceseo
1371 1178 1540 1221 Morene,
1567 1182 1717 1229 quicum
1732 1178 1879 1223 ¹losepho

415 1245 576 1280 Zimenes
594 1239 744 1276 secundo
760 1267 770 1280 ‚
796 1238 828 1273 &
853 1235 955 1271 tertio
976 1230 1288 1278 consanguinitatis
1313 1229 1466 1276 gradibus
1494 1229 1693 1272 coniunctus
1722 1227 1790 1260 est:
1816 1236 1883 1259 cu-

415 1303 515 1341 piens
545 1288 742 1324 Franciscus
757 1284 905 1320 Mariam
920 1282 1071 1317 Uxorem
1084 1280 1205 1314 ducere
1221 1303 1231 1318 ‚
1256 1288 1370 1323 preces
1398 1274 1772 1315 obtulit,Sacratiffimo
1789 1271 1888 1306 Prin·

416 1340 488 1386 cipi
518 1336 651 1375 nostro,
679 1335 802 1380 quibus
825 1328 1010 1378 postulavit
1023 1327 1313 1374 dispensationem
1337 1326 1379 1359 ad
1395 1325 1593 1361 cauthelam
1613 1348 1624 1362 ,
1649 1321 1672 1356 si
1695 1321 1786 1356 sorte
1816 1318 1885 1354 ali-

443 1398 488 1421 uo
513 1384 752 1418 detinerentur
777 1377 1050 1423 impedimento,
1071 1386 1143 1423 quo
1170 1366 1425 1409 matrimonium
1454 1370 1616 1406 contrahi
1641 1380 1709 1404 non
1738 1366 1848 1414 posset
1879 1393 1890 1402 .

415 1400 473 1470 {ite
493 1431 606 1468 delata
620 1432 661 1464 ad
676 1426 910 1473 Ampliffimos
927 1423 1046 1460 Patres
1062 1449 1074 1463 ‚
1106 1421 1240 1458 auditus
1253 1419 1320 1455 fuit
1333 1417 1615 1464 Archiepiscopus
1628 1442 1638 1456 ,
1663 1416 1721 1462 qui
1749 1413 1886 1448 censuit

418 1479 501 1516 huic
526 1475 752 1512 matrimonio
777 1473 910 1509 obstare
922 1471 1206 1518 impedimentum
1230 1467 1372 1514 publica:
1387 1464 1572 1500 honestatis
1590 1463 1625 1499 in
1647 1461 1799 1499 secundo
1815 1487 1826 1503 ‚
1854 1461 1889 1495 3<

416 1527 525 1564 tertio
538 1524 644 1572 gradu
656 1533 770 1559 ortum
785 1533 824 1556 ex
844 1518 1062 1556 matrimonio
1088 1530 1168 1554 curn
1186 1515 1327 1560 Josepho
1344 1513 1501 1548 Zimenes
1519 1513 1755 1574 praecedenter
1773 1520 1791 1542 a
1810 1508 1888 1543 Ma-

416 1576 469 1612 ria
485 1574 660 1610 contracto
674 1596 686 1610 ,
712 1569 808 1616 quod
823 1567 961 1603 nullum
975 1592 985 1606 ,
1015 1567 1216 1611 irritumque
1241 1561 1451 1598 declaratum
1464 1559 1528 1595 fuit
1543 1576 1553 1600 5
1569 1569 1638 1594 non
1653 1557 1784 1593 desectu
1800 1566 1888 1589 con-

417 1622 529 1659 sensus
551 1646 562 1660 ,
587 1631 654 1667 quo
673 1618 749 1655 casu
765 1615 900 1653 nullum
925 1615 1137 1650 contractum
1163 1609 1272 1645 fuisset
1296 1608 1578 1654 impedimentum
1604 1632 1612 1644 ‚
1637 1604 1690 1639 sed
1713 1603 1882 1638 ratione-³

417 1668 555 1706 vinculi
573 1694 583 1708 ‚
610 1668 710 1713 idque
733 1677 772 1701 ea
793 1663 930 1700 ratione
945 1663 1066 1709 probat
1083 1657 1371 1703 Archiepiscopus
1388 1680 1398 1694 ,
1420 1656 1509 1700 quod
1523 1652 1644 1700 ,loseph
1661 1650 1816 1686 Zimenes
1831 1648 1884 1683 af-

418 1717 543 1752 fectum
557 1743 567 1756 ‚
598 1716 629 1750 &
649 1715 868 1751 voluntatem
883 1707 1113 1747 contrahendi
1130 1703 1386 1742 matrimonium
1399 1701 1520 1737 habere
1536 1709 1685 1746 potuerit
1698 1724 1708 1738 ‚
1731 1697 1887 1742 quamvis

419 1763 702 1809 impedimentum
732 1760 900 1796 dirimens
916 1782 928 1796 ,
953 1767 1020 1801 quo
1035 1754 1255 1789 detinebatur
1277 1777 1286 1790 ‚
1308 1748 1436 1795 optime
1461 1748 1563 1784 sciret
1586 1754 1787 1793 argumento
1806 1744 1890 1778 edu·

421 1812 473 1846 Cto
489 1823 531 1846 ex
546 1821 650 1857 capa.
666 1808 823 1857 desponfi
838 1806 871 1838 in
889 1808 944 1838 VI.
963 1806 1007 1838 t&
1020 1813 1065 1837 ex
1085 1802 1242 1836 clement.
1261 1799 1349 1833 unic.
1367 1798 1405 1830 de
1424 1798 1582 1843 Consang.

377 1858 488 1895 Causa
516 1866 606 1893 nunc
624 1863 829 1903 proponitur
844 1879 854 1892 ‚
877 1850 909 1884 &
927 1847 1102 1894 disputant
1116 1845 1233 1882 Maria
1246 1870 1256 1884 ,
1280 1845 1311 1878 ἃ
1327 1842 1521 1878 franciscus
1547 1839 1806 1877 matrimonium
1822 1836 1889 1872 sine

422 1907 495 1942 ulla
521 1902 770 1951 dispensatione
795 1896 952 1937 contrahi
975 1894 1083 1940 posse,
1107 1905 1183 1928 cum
1205 1891 1342 1927 nullum
1366 1890 1447 1926 adsit
1463 1916 1472 1929 ,
1498 1889 1566 1925 five
1590 1888 1767 1926 affinitatis
1783 1913 1793 1926 ‚
1819 1884 1889 1919 five

423 1952 570 2000 publicae
595 1949 776 1986 honestatis
801 1943 1083 1994 impedimentum
1101 1953 1146 1976 ex
1166 1939 1391 1975 matrimonio
1412 1938 1590 1974 contrat‘h
1614 1938 1700 1972 inter
1722 1932 1887 1969 Mariam,

425 2000 652 2044 &josephum
668 1996 821 2032 Zimenes
837 2021 847 2037 ,
871 2002 949 2027 nam
971 1991 1055 2025 illud
1075 1988 1207 2024 nullum
1229 2012 1241 2026 ,
1277 1985 1483 2032 irritumque
1513 1983 1607 2019 fuisse
1634 1980 1816 2019 dicendum
1842 1977 1889 2012 est

424 2059 496 2083 non
520 2046 627 2082 solum
649 2046 780 2081 ratione
797 2038 929 2080 v2nculi
944 2065 954 2078 ‚
979 2038 1039 2073 sed
1053 2037 1156 2072 etiam
1179 2034 1307 2069 defectu
1327 2033 1507 2069 consensus
1522 2059 1532 2072 ‚
1556 2043 1635 2067 cum
1652 2027 1771 2073 loseph
1788 2053 1799 2066 ,
1826 2025 1887 2072 qui

426 2095 552 2131 sciebat
578 2094 761 2139 coniugem
786 2092 876 2126 suam
902 2085 1092 2131 legitimam
1116 2084 1257 2121 vivere,
1277 2079 1351 2116 ficte
1378 2080 1488 2116 solum
1505 2106 1516 2121 ‚
1540 2080 1573 2115 &
1598 2076 1778 2114 simulate,
1810 2073 1890 2108 ani-

426 2153 549 2188 moque
567 2150 700 2178 tantum
721 2135 910 2183 decipiendi
930 2133 1080 2168 Mariam
1095 2130 1294 2167 consensum
1308 2127 1489 2175 praestitisse
1507 2126 1686 2162 dicendum
1700 2121 1761 2158 s1t÷
1776 2130 1888 2166 eoque

427 2188 574 2235 amplius
595 2216 606 2229 ,
630 2187 720 2235 quod
737 2215 745 2227 ,
768 2186 829 2222 etsi
850 2180 1012 2221 voluisset
1026 2179 1173 2216 secundo
1187 2176 1408 2213 matrimonio
1431 2187 1508 2210 curn
1523 2167 1887 2208 Maria·c0nsensum..·

425 2237 586 2283 prxstare
604 2262 613 2274 ,
641 2247 682 2269 ne
708 2232 867 2279 potuisset
882 2228 1020 2276 quidem
1034 2254 1045 2267 ‚
1066 2238 1142 2263 cum
1169 2224 1249 2262 viva
1273 2223 1386 2258 Uxore
1405 2234 1475 2259 non
1499 2219 1579 2256 esset
1596 2217 1770 2254 Dominus
1786 2242 1796 2254 ,
1821 2225 1887 2249 ne-

427 2295 494 2330 que
519 2283 721 2318 facultatem
743 2281 888 2315 haberet,
908 2278 998 2310 hunc
1022 2273 1223 2310 consensum
1244 2270 1417 2318 praestandi
1435 2283 1444 2308 ;
1466 2267 1605 2304 Cessare
1619 2276 1705 2302 vero
1734 2260 1887 2298 difficul-

426 2340 535 2366 tatem
549 2341 686 2366 omnem
712 2327 845 2363 defeetu
871 2321 1049 2361 consensus
1065 2320 1186 2357 Mariae
1211 2346 1221 2360 ‚
1243 2318 1311 2353 fine
1338 2327 1405 2363 quo
1427 2314 1682 2351 matrimonium
1704 2309 1883 2346 confistere

427 2390 498 2414 non
513 2379 627 2423 potuit
642 2404 651 2416 ,
680 2376 771 2423 quod
796 2371 990 2421 requirebat
1010 2368 1208 2406 consensum
1223 2365 1393 2411 utriusque
1407 2363 1663 2400 contrahentis:
1692 2354 1883 2393 defecisse,-

428 2425 629 2461 consensum
643 2424 764 2459 Mariae
779 2422 927 2458 inficiari
954 2431 1021 2454 non
1041 2416 1132 2465 posse
1147 2442 1157 2456 ,
1181 2415 1242 2451 illa
1265 2413 1357 2449 enim
1380 2409 1638 2448 matrimonium
1664 2404 1852 2451 contraxit·
1877 2426 1887 2442 ,

429 2483 590 2518 reputans
605 2473 788 2518 josephum
801 2469 864 2505 esse
882 2470 1027 2505 liberum
1042 2493 1051 2507 ,
1077 2476 1184 2511 neque
1199 2460 1452 2498 matrimonium
1465 2454 1686 2494 contraxisset
1702 2481 1712 2495 ,
1736 2451 1758 2486 fi
1771 2445 1890 2501 scivls-

430 2519 481 2554 set
506 2532 651 2555 uxorem
671 2520 817 2555 habere:
845 2516 980 2552 Erravit
1000 2515 1109 2562 igitur
1122 2514 1156 2546 in
1172 2509 1372 2546 conditione
1398 2506 1492 2545 viri,
1508 2507 1539 2540 &
1569 2506 1624 2538 hic
1648 2510 1740 2537 error
1764 2497 1887 2532 adimit

432 2567 633 2602 consensum
657 2568 700 2602 ab
724 2567 797 2602 auu
815 2592 824 2605 ‚
852 2566 993 2609 ideoque
1007 2558 1262 2598 matrimonium
1283 2555 1414 2591 defectu
1429 2550 1602 2590 consensus
1617 2547 1732 2584 Maria:
1748 2543 1888 2580 nullum

433 2611 499 2646 fuit
547 2615 630 2649 r-iaec
645 2614 769 2650 habent
787 2614 900 2649 Maria
914 2638 924 2651 ,
950 2612 983 2646 &
1001 2606 1198 2644 Franciscus
1215 2633 1224 2642 .
1251 2604 1386 2651 spectat
1401 2604 1441 2637 ad
1453 2595 1736 2637 Eminentiffimos
1748 2591 1863 2627 Patres

433 2660 523 2705 quod
548 2660 701 2706 sequitur
714 2688 722 2701 ‚
741 2661 899 2696 Dubium
922 2657 1083 2704 expedire
1099 2683 1108 2691 .
1882 2663 1893 2678 ³

390 2716 450 2745 An
471 2710 688 2750 franciscus,
715 2714 758 2745 (θ’
795 2713 911 2743 Maria
937 2707 1058 2752 poffint
1080 2703 1210 2749 absque
1229 2700 1474 2748 dispenfirtione
1499 2691 1696 2742 ‘Apostsslllffl
1725 2689 1896 2724 invicem-⁹

436 2756 695 2790 Matrimonium
710 2753 911 2789 contrahere
926 2753 1049 2798 infafu
1065 2757 1144 2789 &we

483 2800 664 2846 Negative
678 2827 689 2842 ,
715 2800 747 2835 ὅ(
773 2799 918 2846 amplius
932 2823 941 2833 .
1716 2780 1850 2819 CON=
