1977 3028
1544 123 1551 127 -
1579 116 1594 140 1

122 151 148 164 „
176 126 266 161 ribus
278 125 364 161 meis
389 128 473 162 bene
501 128 581 168 vifis
598 154 608 169 ,
633 130 859 170 &charitatis
885 135 993 171 etiam
1011 136 1086 182 ipsis·
1112 136 1414 188 Manumifforibus
1444 112 1596 193 benev}—

121 197 145 210 ‚‚
172 171 212 208 sae
227 199 250 212 ,‚
268 199 277 209 .
306 173 409 213 Hanc
422 174 707 216 testamentariam
724 180 978 225 dispositionem
993 188 1152 228 prob-wit
1179 187 1260 222 inde
1277 213 1288 229 ,
1313 190 1345 226 δι
1369 192 1594 233 confirmavit

117 219 208 254 idem
223 221 401 257 Antonius
413 222 448 258 in
471 224 861 265 universalildonatione
881 255 891 270 ‚
917 242 1017 276 quam
1032 231 1112 267 fecit
1126 245 1219 270 anno
1242 241 1339 272 1680.
1358 265 1368 279 ‚
1390 252 1467 275 cuin
1482 244 1593 286 nupsit

115 265 300 312 Philippus
314 266 408 305 filius
425 268 676 317 primogenitus
690 301 697 309 .
730 275 813 310 Vita
829 275 945 311 funoo
972 279 1132 315 Antonio
1156 283 1262 317 totius
1277 284 1348 320 assis
1364 313 1373 326 ‚
1402 299 1502 335 atque
1520 291 1592 327 hx-

107 314 273 350 -reditatis
287 315 439 351 Paternae
453 318 684 360 poffessionem
699 322 816 357 nadus
833 322 879 358 est
891 323 1067 370 Philippus
1082 352 1092 367 ‚
1119 338 1178 372 qui
1196 328 1398 378 testamento
1412 361 1420 374 ,
1451 349 1518 381 quo
1534 341 1591 374 de-

112 360 304 398 ceffitanno
318 363 543 403 1713.Patris
555 366 814 413 dispositionem
830 368 1073 409 confirmavit.
1092 374 1233 411 Vocatis
1247 389 1338 412 enim
1354 379 1435 417 filiis
1449 410 1459 423 ‚
1485 386 1515 419 ἃ
1531 389 1589 422 de-

112 406 355 446 scendentibus
368 409 527 448 masculis
544 413 689 456 primum
706 441 716 455 ,
743 415 820 452 inde
834 416 985 453 foeminis
1002 446 1013 459 ‚
1040 421 1071 455 δι
1083 422 1230 472 expresse
1244 423 1420 464 substituta
1436 456 1445 469 ‚
1469 435 1583 478 quoad

113 454 247 494 viveret
261 481 272 496 ,
295 456 501 503 Magdalena
518 457 588 495 filia
599 460 855 500 sanctimoniali
877 465 910 500 in
940 466 1151 504 Monasterio
1176 478 1207 505 s.
1227 477 1329 509 ‘Petri
1354 480 1397 508 P*
1412 479 1583 522 ellam,

112 502 205 548 quod
218 504 345 541 Sanctae
360 505 438 541 Sedi
454 506 666 552 Apostoficae
683 510 879 548 immediate
899 512 1083 556 subjeoum
1097 517 1143 551 est
1159 517 1250 553 hisce
1272 522 1386 557 verbis
1401 550 1423 563 ‚,
1450 526 1583 564 Substi—

111 574 138 591 ,‚
164 558 246 589 tuo,
270 551 482 588 &haeredem
495 566 603 590 meam
617 557 846 595 universalem
869 559 984 602 facio,
1011 563 1043 597 &
1062 562 1202 601 instituo
1218 565 1445 613 supradictam
1469 574 1582 610 domi-

109 620 136 635 „
161 607 239 631 nam
253 596 496 646 Magdalenam
515 602 644 639 Ferran
660 604 947 647 sanCtimonialem
960 609 995 645 i'n
1011 610 1224 651 Monasteri'o
1238 614 1272 649 S.
1285 616 1376 654 Petri
1400 631 1509 656 meam
1527 623 1582 659 iti.

107 667 133 682 „
158 642 234 679 dem
248 641 356 680 filiam
374 646 450 682 vita
466 650 539 692 ejus
553 652 702 688 naturali
714 653 856 690 durante
878 664 1011 692 tantum
1024 684 1047 699 ,‚
1067 666 1259 703 eademque
1276 662 1483 711 Magdalena
1498 670 1578 707 lan.—

107 689 374 729 &imonialiuna
391 706 467 731 cum
496 697 576 732 aliis
596 700 774 735 nominata
800 702 1318 761 Exequutrice‘Testainentfiri'a
1369 712 1577 762 delectisque

105 739 264 774 omnibus
274 740 432 782 vocam,
452 744 567 780 voluit
580 771 590 785 ‚
611 756 648 781 ut
660 760 890 795 exequeretur
903 777 925 792 „
955 752 1205 791 testamentaria
1217 758 1382 802 dispositio
1395 787 1403 799 ,
1426 773 1484 797 aut
1501 767 1577 800 vin-

103 809 130 824 ,‚
150 785 267 821 culum
280 787 468 833 appositum
485 804 544 837 per
557 794 743 840 supradieto
758 800 927 842 quondam
943 802 1137 838 Antonium
1153 803 1279 842 Fertan
1303 806 1439 845 Patrem
1454 822 1487 846 in
1512 812 1574 850 suo

101 853 128 870 2,
154 831 278 867 ultimo
292 835 491 872 testamento
506 866 515 878 ,
542 840 586 877 ad
599 845 687 887 quod
703 843 733 878 se
748 846 907 889 retulit„
934 872 946 885 .

56 879 274 919 Defecerunt
285 880 351 917 filii
362 895 478 920 omnes
492 911 502 925 ,
517 887 549 923 δι
565 887 806 931 descendentes
820 905 838 930 a
852 898 980 932 duobus
996 896 1236 935 Testatori'bus
1248 927 1258 940 ,
1275 901 1472 940 defecerunt
1489 908 1576 944 Exe-

101 936 265 970 quutores
290 928 557 973 Testamentarii
583 935 768 982 designati,
794 941 825 975 ὅι
844 945 1014 980 nominati
1044 945 1078 980 in
1104 947 1314 984 testamentis
1338 952 1516 994 Antoni,
1539 956 1575 991 &

96 972 250 1020 Philippi
267 975 420 1018 Feri-an,
450 992 515 1015 una
529 981 707 1026 superstite
731 985 980 1027 sanctimoniali
995 991 1204 1039 magdalena
1233 995 1306 1031 filia
1331 998 1485 1048 fhilippi
1502 1029 1510 1040 ,
1539 1003 1570 1038 &

96 1030 202 1066 nepte
216 1023 387 1060 Antonii.
404 1050 426 1065 ‚,
456 1027 539 1063 Hace
554 1030 660 1066 sciens
677 1034 827 1070 actiones
840 1047 956 1073 omnes
972 1038 1210 1076 defunctorum
1236 1046 1275 1076 ad
1299 1043 1446 1081 haeredes
1465 1050 1575 1084 trans-

93 1089 123 1106 „
146 1070 265 1109 mitti,
291 1071 322 1104 &
345 1077 435 1119 quod
449 1074 710 1116 Manuniiffores
726 1092 843 1120 omnes
870 1096 930 1127 pei·
949 1089 1144 1124 Antonium
1162 1099 1263 1123 avum
1280 1089 1373 1126 suum
1402 1096 1570 1132 nominati

92 1137 119 1155 ,‚
143 1116 256 1151 vitam
270 1130 346 1153 cum
360 1131 471 1159 morte
487 1130 773 1165 commutaverint
796 1141 875 1168 ante
887 1143 1158 1181 exequutionem
1171 1137 1266 1172 dicke
1282 1149 1343 1182 piae
1370 1139 1572 1187 dispositio—

92 1186 120 1202 „
143 1164 196 1198 nis
210 1188 221 1202 ‚
245 1163 369 1210 suoque
386 1167 463 1203 loco
477 1170 567 1207 alios
582 1174 779 1222 subrogatos
797 1189 863 1211 nou
877 1179 942 1217 effe
956 1206 978 1219 ‚‚
993 1191 1030 1216 ut
1044 1182 1116 1223 ejus
1129 1185 1230 1220 verba
1244 1184 1320 1221 sunt
1332 1212 1342 1226 ,
1360 1186 1476 1224 statuit
1489 1193 1571 1226 An-

94 1209 184 1244 tonzi
199 1236 212 1250 ,
243 1222 282 1247 ac
306 1212 456 1260 Philippi·
495 1220 714 1261 voluntatem
739 1225 864 1270 exequi
891 1230 1145 1266 anteveniendo
1169 1240 1298 1276 tempus
1326 1233 1542 1279 iinplementi
1557 1265 1569 1279 ,

93 1255 187 1303 quod
198 1258 363 1298 collatum
379 1261 491 1299 fuerat
506 1265 540 1300 in
557 1267 719 1305 defectum
737 1284 888 1308 omnium
904 1274 1181 1313 descendentium
1195 1306 1204 1319 ‚
1226 1280 1259 1315 8<
1276 1282 1452 1330 utriusqiie
1466 1284 1568 1321 lineae

92 1303 287 1342 masculinae
301 1331 310 1345 ‚
337 1319 377 1347 ac
390 1309 576 1349 foemininae
590 1341 600 1357 ,
630 1320 732 1364 idque
748 1331 784 1354 ea
803 1347 810 1360 ‚
837 1332 940 1366 quam
955 1323 1004 1357 his
1018 1329 1128 1361 verbis
1156 1328 1335 1373 expreflit,
1364 1340 1494 1367 tatione
1509 1333 1567 1367 vi-

92 1352 187 1386 tandi
203 1364 227 1392 ς,
255 1353 538 1397 inconvenientia
554 1385 563 1399 ,
592 1365 786 1403 omiffiones
805 1393 816 1408 ,
840 1373 867 1402 ὅ(
897 1369 1104 1410 dilationes,
1136 1384 1209 1418 quoe
1234 1375 1373 1410 evenire
1402 1379 1510 1414 {olent
1528 1381 1565 1415 in

70 1422 116 1441 ,³³
140 1397 205 1442 piis
217 1400 494 1448 dispositionibus
506 1413 714 1457 exequendis
731 1425 980 1458 perextraneos
995 1416 1259 1456 Manumiss‘ores
1272 1433 1330 1466 per
1340 1423 1566 1463 Ordinari'um

89 1470 117 1487 „
143 1445 376 1495 subrogandos
392 1451 482 1490 sorte
495 1466 605 1497 magis
623 1458 756 1497 affetlos
774 1464 814 1497 ad
841 1475 1016 1510 proprium
1035 1465 1169 1502 lucrum
1186 1480 1226 1505 ex
1242 1470 1491 1509 manumissoria
1505 1487 1565 1510 ca-

78 1518 116 1533 r„
141 1496 305 1539 piandum
318 1523 329 1537 ‚
355 1511 456 1545 quam
471 1506 511 1538 ad
523 1506 753 1544 defunctorum·
773 1509 1032 1548 subventionem
1047 1520 1072 1553 „³
1086 1542 1093 1549 .
1120 1513 1194 1550 Die
1220 1515 1329 1562 igitur
1345 1528 1399 1553 21.
1417 1523 1565 1568 Augusti

89 1551 182 1575 anno
198 1550 300 1589 ¹7³⁰·
312 1549 440 1591 praevi'o
451 1550 614 1589 consensu
627 1582 637 1595 ,
663 1558 870 1606 decretoque
886 1560 1084 1606 interposito
1097 1568 1141 1596 at>
1156 1562 1339 1600 Abbatissa
1352 1568 1491 1611 publico
1504 1569 1563 1604 l'n-

76 1585 274 1625 ·strumento
287 1592 552 1641 Cappeilaniam
569 1599 727 1638 fundavit
747 1605 781 1639 in
808 1607 1006 1644 Parochiali
1024 1607 1170 1645 Ecclesis
1187 1610 1389 1650 Monasterii
1409 1642 1417 1654 ,
1445 1615 1562 1653 serva-

87 1635 204 1680 vitque
219 1636 278 1673 sibi
294 1665 306 1679 ,
331 1643 445 1687 quoad
462 1643 593 1683 viveret
611 1675 620 1689 ‚
647 1651 704 1691 Jus
723 1662 920 1695 patronatus
936 1682 946 1695 ,
972 1658 1001 1691 ἃ·
1022 1656 1093 1701 post
1107 1667 1252 1694 mortem
1266 1659 1357 1696 suam
1378 1664 1560 1701 Abbatiffis

85 1681 287 1736 Monasterii
302 1712 313 1727 ,
341 1687 496 1733 pluribus
509 1693 587 1730 aliis
603 1698 740 1739 adJectis
756 1701 857 1744 paens
872 1729 880 1739 ,
907 1703 1040 1749 legibus
1054 1729 1064 1743 ‚
1091 1707 1120 1740 &c
1142 1707 1399 1746 conditionibus
1415 1713 1558 1748 utilibus

86 1730 327 1773 monasterio,
355 1735 389 1770 &
405 1736 645 1781 Monialibus;
671 1745 822 1781 Primum
845 1748 1100 1794 Cappcllanum
1122 1756 1316 1789 nominavit
1343 1756 1557 1795 Saterdotem

84 1774 265 1825 josephum
282 1780 405 1818 Ribert
420 1810 430 1824 ,
455 1787 514 1831 qui
529 1787 757 1833 poffeffionem
777 1806 871 1831 nova,
888 1796 1123 1841 Cappellaniae
1139 1802 1254 1835 nasius
1270 1801 1333 1836 fuit
1351 1831 1360 1842 ,
1386 1804 1559 1847 adjnnoa-

85 1833 152 1868 que
165 1825 339 1863 Sacrorum
352 1842 457 1867 onera
485 1833 645 1878 implevit
669 1864 677 1871 .
709 1841 765 1873 Ne
791 1842 871 1883 quid
894 1843 1044 1887 dunque
1073 1846 1152 1880 huic
1172 1847 1381 1883 Fundanum
1403 1852 1531 1886 deesset
1546 1879 1557 1893 ‚

83 1873 200 1907 eadem
216 1872 481 1914 sanctimoniai‹s
496 1880 704 1928 Magdalena
728 1886 880 1933 Episcopi
905 1890 1155 1926 authoritatem
1177 1919 1188 1932 ,
1214 1904 1262 1928 uti
1285 1907 1442 1941 exeiizpta
1466 1901 1557 1936 refu-

81 1918 178 1964 giens
191 1946 200 1958 ,
228 1922 313 1958 adiit
329 1924 446 1959 libello
463 1927 724 1967 Sacratiffimum
741 1933 933 1975 Principem
951 1937 1099 1973 nostrum
1113 1965 1123 1978 ,
1151 1941 1408 1990 postulavitque
1423 1946 1467 1981 ab
1489 1959 1530 1982 eo
1543 1974 1553 1988 ,

81 1976 181 2011 quam
194 1966 256 2004 fibi
275 1968 471 2008 servaverat
490 1974 524 2010 in
540 1977 762 2014 instrumento
794 1982 1017 2018 fundationis
1033 2010 1042 2022 ‚
1068 1988 1290 2034 principalem
1318 1994 1411 2027 actus
1426 1994 1556 2030 confir·

81 2014 265 2050 mationem
277 2043 284 2049 .
318 2018 410 2055 Data
424 2020 489 2056 fuit
509 2025 732 2069 Amplissin.1s
753 2029 904 2064 Patribus
921 2031 960 2064 de
977 2031 1037 2066 hac
1053 2031 1280 2077 postulatione
1296 2041 1449 2084 cognitio
1463 2067 1473 2080 ‚
1498 2054 1556 2077 au-

81 2058 238 2108 ditusque
255 2063 321 2099 fuit
340 2093 349 2105 ‚
380 2076 416 2102 ut
429 2068 502 2104 fieri
519 2069 606 2106 solet
620 2098 628 2111 ‚
661 2074 846 2121 Episcopus
866 2103 874 2116 ‚
900 2077 958 2113 led
973 2105 982 2118 ‚
1010 2081 1147 2116 interim
1175 2094 1285 2118 morte
1317 2088 1412 2122 obita
1427 2101 1446 2124 a
1474 2090 1555 2124 Ma-

82 2107 226 2151 gdalena
243 2110 491 2152 sanfflmomali
507 2144 517 2158 ‚
546 2118 726 2166 Episcopus
755 2123 815 2158 die
835 2135 890 2160 22.
907 2126 1047 2171 Aprilis
1062 2140 1152 2164 anno
1184 2141 1280 2176 1751.
1297 2145 1408 2170 novos
1425 2136 1554 2171 Manu-

82 2153 227 2191 missores
245 2185 254 2198 ‚
284 2159 337 2196 seu
352 2159 588 2210 Exequutores
613 2166 901 2207 Teiiamentarios
917 2172 1115 2220 subrogavit
1133 2202 1143 2216 ,
1167 2189 1223 2224 qui
1238 2190 1397 2225 putantes
1418 2183 1555 2218 funda-

81 2199 212 2238 tionem
225 2206 466 2255 Cappellaniae
478 2237 489 2250 ‚
514 2223 617 2257 quam
637 2216 719 2251 lecit
734 2216 1004 2257 sanctimonialis
1019 2223 1224 2269 Magdalena
1236 2256 1245 2265 ,.
1270 2228 1402 2264 nullam
1415 2255 1426 2269 ,
1448 2242 1553 2277 atque

80 2247 211 2286 irritam
225 2251 311 2294 esse,
335 2258 606 2295 contradictores
621 2261 689 2297 sese
719 2265 946 2308 praestiterunt
968 2271 1145 2306 Sacerdoti
1176 2273 1322 2321 josepho
1338 2275 1461 2313 Ribert
1475 2279 1553 2325 pri-

79 2306 135 2329 mo
148 2295 389 2344 cappellanoa
417 2306 502 2340 dina
527 2307 775 2346 sanctimoniali
806 2312 1014 2361 Magdalena
1040 2319 1239 2362 nominato,
1265 2335 1450 2369 eorumque
1474 2326 1552 2359 sen-

78 2343 225 2426 ἑεηιίἰιω
248 2346 403 2396 sequutus
416 2351 461 2389 est
478 2353 668 2403 Episcopus
685 2358 719 2393 in
733 2359 872 2406 epistola
888 2387 900 2401 ,
924 2375 1027 2412 quam
1040 2364 1136 2402 dedit
1154 2369 1195 2403 ad
1219 2370 1284 2405 hoc
1299 2371 1436 2408 Sacrum
1462 2371 1552 2410 Tri·

103 2402 167 2425 una
198 2420 207 2428 .

34 2435 145 2472 Causa
160 2438 266 2485 igitur
281 2455 370 2480 nunc
383 2444 574 2485 definienda
590 2454 789 2498 proponitur
806 2481 815 2495 ‚
840 2455 1056 2505 disputatque
1067 2461 1186 2510 ,loseph
1215 2465 1338 2501 Ribert
1361 2467 1550 2514 Cappella-

74 2497 137 2520 nus
151 2488 237 2523 nihil
254 2493 424 2537 proponi,
450 2507 512 2531 cur
526 2497 717 2535 sustinenda
730 2513 798 2537 non
815 2501 852 2537 fit
878 2506 1034 2542 fundatio
1051 2508 1130 2543 facta
1148 2523 1166 2544 a
1194 2512 1440 2548 sandiinontaii
1460 2516 1546 2551 Ma-

75 2531 222 2578 gdalena
235 2561 245 2574 ‚
269 2536 337 2572 five
354 2551 427 2575 eam
442 2542 628 2588 spedemus
644 2547 692 2582 uti
713 2551 874 2586 haeredem
890 2578 900 2591 ‚
926 2555 957 2588 &
975 2556 1136 2592 ultimam
1154 2557 1365 2595 substitutam
1392 2574 1426 2597 in
1450 2563 1548 2598 testa-

72 2583 199 2616 mentis
213 2585 364 2621 Antonii
382 2589 449 2623 Avi
465 2616 476 2629 ,
499 2593 692 2640 &Philippi
708 2596 818 2632 Patris
833 2625 842 2638 ‚
870 2600 1022 2637 siveea=n
1047 2603 1232 2648 spectemus
1258 2608 1306 2643 uti
1339 2608 1546 2656 Exequutri—

72 2637 147 2661 cern
171 2627 477 2672 Testamentariam
498 2664 508 2677 ‚
532 2641 651 2688 quibus
678 2644 875 2682 nominibus
904 2648 973 2696 ipsa
1001 2650 1223 2688 Fundationis
1254 2658 1364 2691 adium
1394 2669 1510 2703 exegit
1536 2681 1546 2691 .

74 2673 236 2722 Ῑ-ῙΠΟἿΠΕ
250 2681 341 2715 enim
356 2681 435 2722 Jure
448 2696 586 2722 cautum
600 2687 666 2724 esse
683 2690 806 2734 primas
822 2703 937 2735 partes
954 2708 986 2731 in
1003 2701 1231 2745 exequutione
1245 2703 1468 2739 voluntatum
1483 2706 1546 2738 de-

72 2719 260 2762 functorum
283 2731 499 2775 commissas,
529 2738 767 2786 mandatasque
793 2740 857 2777 ess'e
881 2743 1094 2788 hxrediuus,
1119 2749 1177 2795 qui
1190 2749 1352 2797 personas
1369 2752 1458 2833 {plne}
1477 2752 1543 2785 de·

1386 2810 1428 2833 un
1462 2809 1496 2833 o·
