1978 3017
397 102 586 187 §inriget-e
600 151 644 176 un
655 138 816 180 Beneficio
829 135 992 184 'semplic'e
1007 160 1018 175 ,
1043 132 1138 178 euius
1152 133 1424 172 nominationem
1438 135 1580 182 reliquit
1594 134 1751 172 Familiae
1763 136 1863 184 Cap-

395 201 446 236 με
464 213 474 226 ,
491 187 601 228 finche
616 185 747 227 vifizra'
773 185 807 220 la
830 185 922 220 linea
948 183 1130 227 mascolina
1151 184 1253 234 dixtal
1277 185 1416 226 casata,
1437 195 1542 230 eaque
1567 182 1698 218 defecta
1714 210 1725 224 ,
1748 184 1862 231 Copi-

396 236 471 271 tulo
491 232 643 274 ejusdem
656 230 860 278 Collegiatae
872 229 1028 266 Ecclesiae
1045 257 1054 266 .
1081 229 1132 265 Eo
1154 229 1233 265 inde
1254 229 1331 265 casu
1346 257 1355 271 ‚
1379 242 1445 277 quo
1458 232 1485 267 il
1499 233 1536 264 cii
1560 230 1613 265 lui
1640 235 1860 268 ”patrimonio

395 285 562 329 depurato
575 281 616 314 da
642 279 753 316 debiti
765 278 1082 324 restaffbfitfficiente
1103 286 1169 326 per
1191 278 1226 312 la
1237 279 1442 320 fondazione
1454 305 1464 319 ,
1495 278 1535 313 ed
1550 280 1737 315 erezzione
1765 281 1857 315 della

389 328 550 375 fisddetta
570 327 786 373 cappellania
800 351 811 365 ‚
835 341 852 362 0
857 325 901 368 fii
914 324 1075 366 Beneficio
1102 323 1324 366 Ecclesiastico
1348 324 1561 367 residenti.zle
1581 324 1738 366 ficddetto
1753 352 1763 365 ,
1792 339 1857 362 vo-

392 374 461 410 luit
476 398 486 413 ,
512 382 551 409 ut
562 370 770 419 Cappellani
786 381 984 408 tenerentur
1006 370 1143 418 singulis
1166 371 1393 406 Hebdomadis
1419 370 1453 406 in
1471 380 1676 418 perpetuum
1690 396 1700 409 ‚
1728 372 1851 417 majori

391 429 539 466 excepta
553 448 564 462 ‚
589 419 748 467 quolibet
759 418 812 454 die
834 420 926 462 Jovis
940 421 1077 454 Sacrum
1092 417 1202 454 facere
1217 419 1250 453 in
1266 420 1382 453 eadem
1395 416 1541 453 Ecclesia
1557 440 1566 451 .
1593 416 1727 453 Contra
1743 431 1827 456 vero
1838 446 1850 461 ‚

389 481 458 505 ove
471 469 571 512 nonsi
587 468 707 514 fizceffe
719 468 821 513 luogo
843 468 906 503 all³
920 469 1102 503 erezziuie
1116 467 1207 501 della
1226 466 1387 510 fitddetta
1411 465 1628 512 cappellania
1642 490 1652 504 ,
1679 477 1732 500 ma
1757 466 1851 503 bensi

389 517 458 553 all’
471 519 654 554 erezzione·
668 515 885 558 delsuddetto
899 512 1228 559 Beneficiofcmplice
1238 520 1302 559 per
1318 513 1542 557 lnfsifficienza
1557 513 1611 549 del
1625 514 1660 546 di
1673 513 1726 548 lui
1738 517 1858 550 Patri-

389 566 526 602 monio‚
551 561 684 601 voluit,
705 569 743 595 ut
757 559 968 596 Beneficiarii
983 569 1033 594 tot
1046 559 1138 594 sacra
1155 558 1308 604 facet-elin
1323 567 1522 605 perpetuum
1536 565 1751 600 tenerentur,
1773 568 1858 607 quot

390 613 439 646 nb
452 608 616 655 Episcopo
635 606 764 643 Astenfi
780 606 1009 643 statuerentur
1024 619 1042 641 a
1054 616 1284 655 proporzzone
1299 608 1381 642 dell’
1399 615 1605 642 tzmmontare
1617 606 1718 649 difizo
1734 611 1857 644 Patri-

389 659 504 696 :monio
518 659 681 703 depurato
696 667 785 691 come
807 657 910 703 sopra
927 657 968 690 da
987 654 1118 690 debiti.
1146 654 1260 700 Atque
1279 654 1348 689 haec
1375 653 1442 688 fuit
1467 653 1718 688 testamentaria
1745 653 1856 700 dispo-

393 703 470 740 sitio
482 703 617 746 Joannis
632 701 746 745 Jacobi
762 701 916 738 Beccaris
930 727 940 741 ‚
964 711 1029 747 quo
1054 700 1214 736 defuncto
1229 726 1240 740 ,
1266 701 1390 736 Curati
1409 699 1564 735 Ecclesia:
1579 700 1628 735 uti
1654 700 1856 746 Exequuto-

393 763 447 787 res
459 748 703 786 testamentarii
718 749 947 784 haereditatem
962 747 1234 783 administrarant
1253 773 1264 786 ,
1285 758 1361 782 cum
1374 746 1475 782 vidua
1489 748 1529 782 de
1542 747 1713 782 alimentis
1727 749 1859 783 transe-

393 807 517 845 gerunt
533 823 543 836 ,
573 796 693 831 debita
705 822 715 835 ‚
738 796 930 841 creditaque
958 794 1166 829 haereditaria
1196 793 1391 831 solverunt,
1415 793 1444 827 δι
1471 805 1661 839 exegerunt
1677 820 1687 835 ,
1715 804 1751 829 ut
1780 804 1859 830 tan-

395 849 494 884 dem,
518 842 698 888 dispunctis
715 841 937 877 haereditariis
950 841 1138 876 rationibus
1155 867 1164 880 ,
1189 841 1220 875 ὄι
1234 839 1446 877 haereditario
1461 838 1524 873 affe
1542 852 1624 885 pure
1646 841 1833 880 constituto
1847 868 1858 882 ,

394 890 592 927 Testatoris
607 892 764 927 voluntas
781 889 914 936 impleri
934 887 1036 935 posset
1063 889 1232 924 erectione
1256 887 1324 925 five
1347 886 1580 933 Cappellaniae
1609 886 1828 925 refidentialis
1848 915 1860 929 ,

400 938 470 975 five
485 937 642 983 simplicis
659 936 822 972 Beneficii
839 960 850 971 .

354 986 525 1026 Praevenit
541 994 654 1020 tamen
672 983 739 1021 five
754 995 856 1020 unam
874 1010 884 1023 ‚
916 983 982 1021 five
994 985 1139 1021 alteram
1155 987 1359 1022 erectionem
1373 983 1533 1020 Sacerdos
1553 984 1696 1026 Joannes
1708 984 1862 1022 Christo-

401 1033 531 1082 phorus
553 1032 678 1078 Coppa
694 1057 702 1069 ‚
721 1032 780 1078 qui
796 1043 885 1066 anno
902 1042 1002 1075 1749.
1013 1043 1128 1077 preces
1143 1033 1276 1068 obtulit
1289 1035 1393 1068 Sacro
1406 1031 1485 1066 huic
1500 1031 1686 1068 Tribunali
1707 1061 1714 1072 ,
1737 1033 1861 1080 quibus

401 1081 605 1126 querebatur
621 1079 660 1112 de
686 1078 949 1124 inexequutione
966 1079 1154 1113 voluntatis
1173 1079 1364 1114 Testatoris
1380 1106 1390 1119 ‚
1414 1089 1490 1114 cum
1506 1082 1650 1114 nondum
1673 1079 1757 1115 faCla
1781 1079 1862 1115 effet

402 1128 549 1162 creetio:
575 1124 837 1171 Cappellaniam
858 1125 1102 1161 residentialem
1116 1151 1126 1164 ,
1159 1135 1196 1161 ut
1217 1125 1369 1161 Testatur
1382 1126 1540 1162 voluerat
1557 1152 1565 1166 ‚
1591 1127 1676 1171 erigi
1691 1139 1757 1162 non
1777 1126 1863 1172 posse

404 1173 534 1209 defeetu
550 1172 779 1210 Patrimonii;
804 1172 994 1219 postulabat
1009 1172 1137 1218 igitur,
1165 1183 1202 1208 ut
1226 1172 1431 1219 Ampiiffimi
1457 1172 1574 1207 Patres
1599 1174 1754 1215 juberent
1775 1173 1860 1220 erigi

406 1219 617 1257 Beneficium
631 1218 792 1266 simplex‚
821 1220 947 1262 adjecto
963 1231 1068 1255 onere
1092 1229 1144 1254 tot
1169 1220 1341 1255 sacrorum
1358 1245 1367 1258 ‚
1394 1228 1476 1265 quot
1499 1219 1656 1254 statueret
1683 1220 1863 1268 Episcopus

406 1269 506 1311 juxta
524 1278 650 1303 annuos
664 1266 809 1302 redditus
836 1265 1065 1305 haereditatis,
1091 1275 1196 1313 utque
1221 1276 1402 1313 cogeretur
1428 1265 1624 1311 Exequutor
1649 1266 1863 1302 testamenta-

405 1316 476 1350 rius
489 1317 528 1349 ad
543 1315 761 1350 traditionem
791 1313 1009 1360 pecuniarum
1026 1338 1034 1352 ‚
1060 1325 1133 1361 quae
1154 1314 1189 1349 in
1208 1315 1279 1356 eins
1301 1325 1400 1348 manu
1427 1323 1522 1346 erant
1537 1340 1544 1348 .
1571 1313 1720 1348 Auditus
1745 1314 1784 1348 de
1811 1314 1863 1349 liis

405 1363 565 1410 precibus
576 1361 760 1407 Episcopus
776 1361 945 1409 respondit
959 1361 1083 1404 injuria
1104 1362 1199 1408 queri
1215 1362 1376 1402 Joannem
1399 1358 1684 1405 Christophorum
1707 1361 1824 1407 Coppa
1839 1387 1862 1401 ‚‚

405 1434 430 1449 ς,
454 1409 498 1444 de
511 1419 690 1455 prorogata
713 1409 870 1444 Beneficii
888 1410 1058 1444 ereetione
1082 1435 1091 1448 ,
1117 1420 1195 1444 cum
1219 1406 1394 1443 dilationis
1419 1406 1515 1441 causa
1541 1408 1679 1446 verius,
1699 1419 1797 1452 quam
1822 1410 1862 1442 ab

403 1482 430 1495 ,.,
456 1468 497 1491 eo
512 1481 522 1495 ,
548 1458 637 1500 quod
652 1456 834 1501 suspicatur
849 1456 972 1491 Orator
987 1484 995 1497 ,
1023 1457 1151 1491 motivo
1166 1456 1306 1502 augendi
1324 1453 1486 1490 videlicet
1504 1453 1626 1488 sortem
1642 1466 1683 1489 ex
1698 1454 1860 1491 fructibus

401 1528 430 1543 ὕ,
454 1502 637 1549 repetenda
653 1504 692 1538 sit
704 1503 747 1539 ab
761 1503 832 1550 ipsa
846 1503 1057 1549 negociorum
1071 1513 1188 1539 natura
1202 1530 1211 1543 ,
1235 1514 1309 1548 quae
1321 1502 1421 1536 citius
1434 1502 1581 1546 expediri
1595 1512 1664 1535 non
1677 1511 1861 1545 poterant,

404 1576 429 1591 2,
453 1561 592 1597 quorum
605 1550 711 1586 immo
724 1551 830 1587 adhuc
845 1551 1034 1596 imperfecta
1048 1552 1122 1587 sunt
1136 1551 1180 1586 ob
1195 1559 1334 1585 exortas
1347 1548 1444 1594 super
1461 1547 1657 1592 quibusdam
1686 1548 1864 1584 incredita-

404 1624 428 1638 „
453 1597 515 1633 riis
528 1597 626 1633 bonis
649 1597 825 1640 judiciales
847 1599 1124 1638 controversias„
1147 1626 1154 1633 .
1180 1597 1315 1633 Placuit
1342 1604 1452 1630 autem
1468 1595 1577 1629 eidem
1594 1594 1758 1642 Episcopo
1786 1597 1861 1631 de..-

402 1644 591 1691 quaestione'
610 1672 620 1685 ,
647 1657 686 1679 an
702 1644 927 1690 Cappellania
942 1643 1162 1681 refidentialis
1180 1671 1188 1684 ,
1214 1645 1270 1680 vel
1301 1639 1504 1678 Beneficium
1520 1642 1658 1687 simplex
1672 1640 1710 1676 sit
1724 1643 1862 1688 erigen-

403 1694 480 1727 dum
493 1718 502 1730 ,
529 1692 732 1739 respondere
748 1691 955 1727 Beneficium
970 1693 1113 1739 simplex
1129 1691 1192 1726 esse
1207 1688 1403 1738 erigendum
1417 1714 1427 1728 ‚
1452 1699 1490 1722 ea
1504 1689 1634 1723 ratione
1645 1713 1668 1728 „
1695 1692 1780 1734 quod
1798 1689 1859 1722 Fa-

402 1764 427 1778 ,,
453 1737 549 1773 milia
565 1741 604 1773 de
616 1739 740 1785 Coppa
755 1738 929 1784 prteiativa
943 1752 958 1773 a
972 1740 1149 1775 Testatore
1163 1749 1284 1774 vocata
1299 1764 1309 1776 ,
1339 1747 1414 1771 cum
1429 1744 1542 1770 extera
1558 1733 1595 1768 sit
1610 1761 1618 1773 ‚
1646 1736 1732 1770 nihil
1757 1735 1861 1770 ferme

403 1811 431 1826 2,
455 1784 624 1820 commodi
636 1797 677 1819 ex
696 1797 734 1819 ea
749 1786 928 1821 vocatione
944 1788 1134 1833 perciperet
1152 1812 1161 1825 ,
1186 1784 1354 1832 suppofita
1369 1782 1578 1817 erectionem
1595 1782 1861 1827 Cappellaniam

403 1857 428 1871 2,
455 1831 703 1866 residentialem
717 1859 726 1872 ‚
750 1834 872 1877 quippe
886 1835 974 1878 quod
999 1841 1200 1880 cogerentur
1217 1829 1409 1866 Beneficiati
1424 1831 1461 1862 ad
1476 1829 1634 1873 patriam,
1659 1826 1858 1874 paternam—

402 1905 428 1919 „
455 1891 517 1926 que
536 1878 669 1913 domum
685 1878 895 1913 deserendam
911 1903 919 1917 ‚
946 1881 975 1915 &
990 1879 1196 1915 domicilium
1212 1879 1244 1913 in
1259 1877 1449 1912 Civitatem
1463 1875 1550 1909 lianc
1571 1878 1832 1914 transferendum
1847 1903 1858 1916 ‚

402 1951 427 1967 ‚‚
451 1925 544 1967 cujus
560 1925 705 1971 profecto
718 1925 937 1961 domiciliaris
966 1926 1199 1962 translationis
1228 1924 1382 1971 expensae
1403 1922 1486 1961 vix,
1513 1933 1551 1956 ac
1573 1934 1613 1958 ne
1637 1925 1696 1959 vix
1722 1923 1858 1968 quidem

402 1998 427 2013 ,‚
454 1972 662 2017 compensari
678 1971 802 2018 poffent
817 1985 856 2008 ex
879 1973 1043 2010 fruetuum
1063 1971 1315 2008 Beneficialium
1328 1969 1572 2018 perceptione,
1597 1978 1727 2006 attenta
1741 1981 1857 2006 eorum

407 2045 428 2059 .,
454 2019 617 2054 recensita
632 2019 795 2064 parcitate
808 2045 830 2058 ‚,
847 2044 854 2052 .
883 2021 966 2056 Haec
986 2020 1168 2068 Episcopus
1180 2045 1190 2055 .
1621 2057 1623 2060 ,

358 2067 450 2103 Cum
464 2075 576 2101 tamen
593 2079 632 2101 ex
646 2069 708 2102 liae
727 2067 871 2112 Epistola
885 2068 1049 2103 certiores
1065 2067 1137 2101 stiffi
1157 2078 1222 2101 non
1245 2065 1382 2103 fuissent
1406 2065 1660 2102 Eminentisslmi
1684 2065 1800 2101 Patres
1814 2065 1855 2100 de

405 2116 446 2150 iis
463 2139 472 2152 ,
497 2126 571 2158 quae
583 2114 703 2150 rescire
717 2112 843 2148 necess'e
856 2124 928 2149 erat
943 2115 987 2149 ad
1006 2114 1125 2150 Causa:
1138 2113 1374 2149 definitionem
1391 2138 1402 2153 ,
1427 2113 1625 2158 rescriptum
1641 2112 1707 2147 fuit
1734 2113 1785 2148 die
1803 2113 1855 2149 18.

405 2160 538 2206 Aprilis
552 2161 718 2197 transaCto
729 2170 922 2208 ann01750⁴
938 2163 1095 2208 Episcopo
1103 2170 1168 2208 pro
1183 2162 1319 2197 meliori
1329 2157 1708 2202 informatione‚auditis
1723 2161 1856 2205 &pitu-

405 2210 438 2244 lo
455 2209 657 2253 Colligit-ts,
672 2213 714 2245 Θ
731 2210 1009 2254 Exequutori'lms
1021 2234 1028 2242 .
1043 2209 1188 2243 Absente
1201 2206 1377 2253 Episcopo,
1387 2206 1552 2253 respondit
1566 2205 1721 2241 Vicarius
1735 2206 1856 2240 Gene-

403 2255 482 2289 ralis
500 2280 508 2293 ‚
530 2254 586 2298 qui
605 2254 685 2288 licet
696 2253 895 2298 diligentior
911 2266 978 2288 rem
993 2264 1103 2289 tamen
1117 2265 1186 2289 non
1199 2255 1297 2299 plene
1309 2254 1455 2300 digerit,
1484 2252 1561 2287 hinc
1574 2253 1650 2287 inde
1663 2253 1850 2298 disputans,

405 2302 435 2336 δι
452 2300 597 2336 referens
614 2301 732 2335 statum
756 2301 1004 2335 haereditarium
1020 2327 1029 2340 ,
1054 2313 1151 2347 quem
1179 2301 1314 2334 reddere
1331 2300 1418 2346 poss'e
1438 2300 1517 2335 scut.
1530 2308 1587 2346 47.
1607 2311 1717 2334 annua
1730 2325 1741 2339 ,
1766 2312 1849 2342 quo-

403 2349 466 2383 ties
482 2347 629 2393 pecuniae
644 2374 652 2387 ,
677 2360 749 2393 qua:
763 2356 903 2387 extant,
931 2349 961 2383 ἃ
976 2359 1045 2393 quae
1059 2348 1150 2394 exigi
1165 2348 1285 2381 debent
1300 2373 1310 2386 ,
1335 2346 1553 2382 investiantur
1567 2373 1576 2385 ,
1607 2346 1696 2381 unde
1722 2346 1851 2393 Coppa

403 2396 566 2430 erectioni
581 2394 740 2440 simplicis
756 2393 914 2429 beneficii
931 2419 941 2432 ,
967 2403 1083 2429 contra
1097 2406 1178 2430 vero
1205 2393 1435 2440 Exequutores
1452 2393 1692 2428 testamentarii
1709 2420 1715 2428 .
1741 2394 1770 2427 &
1785 2393 1851 2428 Ca-

401 2442 551 2488 pitulum
564 2441 724 2476 erectioni
738 2440 966 2486 Cappellaniae
983 2441 1206 2476 residentialis
1222 2441 1334 2475 locum
1347 2439 1411 2475 effe
1425 2441 1558 2475 censent
1570 2463 1580 2474 .
1600 2440 1674 2475 1²0st
1687 2442 1771 2474 hanc
1788 2440 1850 2473 Vi-

401 2490 484 2523 carii
499 2488 679 2524 Generalis
693 2487 872 2533 Epistolam
886 2488 997 2524 Causa
1010 2490 1138 2523 duobus
1160 2488 1298 2522 colletSla
1316 2487 1491 2533 Capitibus
1506 2485 1690 2522 definienda
1714 2497 1850 2532 propo-

402 2537 492 2570 nitur
507 2561 516 2573 ,
541 2536 736 2580 urgentibus
753 2535 970 2580 Exequutore
989 2562 998 2574 ‚
1023 2536 1052 2569 δι
1068 2534 1233 2582 Capitulo
1260 2534 1454 2580 erigendam
1475 2533 1538 2569 esse
1551 2532 1858 2580 Cappellaniaiim,

402 2581 645 2616 residentialern
662 2608 672 2621 ,
698 2583 789 2628 quod
806 2582 854 2616 ita
874 2582 994 2627 procul
1007 2583 1109 2617 dubio
1124 2580 1271 2616 voluerit
1286 2580 1446 2616 Testator
1461 2609 1470 2622 ‚
1488 2591 1525 2615 ut
1537 2592 1576 2615 ex
1591 2580 1714 2625 apertis
1736 2579 1848 2615 festa·-

402 2628 507 2662 menti
524 2629 633 2662 verbis
657 2628 869 2663 manifestum
885 2630 954 2667 est;
976 2640 1081 2674 neque
1098 2630 1138 2662 ab
1153 2630 1214 2662 hac
1240 2628 1419 2663 voluntate
1435 2629 1655 2663 recedendum
1678 2627 1741 2661 effe
1755 2652 1765 2666 ‚
1793 2628 1850 2663 vel

400 2673 480 2721 quia
500 2674 668 2708 haereditas
681 2674 759 2709 satis
772 2685 841 2709 non
857 2674 893 2709 fit
908 2700 917 2713 ,
937 2677 993 2710 vel
1010 2675 1087 2719 quia
1109 2675 1202 2710 Gens
1212 2674 1333 2722 Coppa
1356 2685 1473 2710 extera
1495 2673 1532 2708 fit
1547 2698 1558 2711 .
1584 2684 1660 2707 nam
1678 2701 1687 2714 ,
1711 2685 1787 2708 cum
1801 2674 1850 2709 11-

401 2729 500 2769 queat
514 2722 553 2755 de
573 2720 655 2756 statu
668 2721 884 2757 haereditario
898 2734 937 2757 ex
955 2722 1099 2768 publicis
1114 2732 1341 2758 monumentis
1353 2722 1448 2764 juxta
1461 2718 1849 2802 ‘effificati⁰¹¹}¹{¹·c·²u‘

1694 2779 1703 2803 i
1730 2778 1776 2803 ici
1793 2792 1805 2806 ,
