1945 3028
98 171 263 218 pendium
282 168 434 215 praestare
457 170 594 216 Bizrbofi
607 175 650 208 ad
666 177 788 211 concil.
803 176 935 211 Triden.
951 172 1027 220 Seffi
1045 182 1063 207 2
1075 185 1100 210 i.
1115 184 1187 222 cap.
1200 184 1233 219 4.
1250 175 1292 209 dc
1308 174 1416 217 Refhr.
1432 183 1522 208 ntem.
1538 136 1598 218 ιέξ

97 220 290 255 Ῥακὶητοίί.
303 219 402 258 decisi
419 220 602 263 becles-15.
618 231 735 257 annot.
751 232 783 257 2.
798 235 886 258 num.
904 226 958 256 28.
975 235 984 254 ε
1009 222 1097 266 quod
1113 221 1134 255 si
1160 223 1293 266 placeat
1314 219 1593 267 Eminentifiimis
1623 245 1688 270 ..χ

99 266 285 305 Patribus,
310 274 348 300 ut
367 265 599 312 Cappellanus
615 267 799 312 deputetur
819 294 829 307 ‚
853 269 1000 315 postulat
1017 268 1240 314 Praepofims,
1269 279 1307 302 ut
1330 269 1445 315 aliqua
1473 267 1593 302 saltem

97 315 259 360 capiatur
284 312 451 359 provisio,
473 315 581 360 qualis
594 313 675 349 esset
701 317 846 351 remotio
867 317 1055 351 Sacerdotis
1083 316 1230 351 Andreas
1257 315 1367 362 Eraga
1385 342 1394 355 ,
1420 315 1477 361 qui
1494 327 1511 348 a
1528 314 1589 348 de-

96 373 174 397 cern
190 363 284 396 annis
300 371 414 396 contra
430 370 577 396 mentem
595 363 685 398 Sacri
700 362 904 399 Tribunalis
924 375 984 409 pro
1005 362 1158 399 Parocho
1170 363 1200 397 se
1225 363 1311 408 gerit
1329 387 1338 400 ,
1361 362 1488 408 quique
1504 361 1591 396 diu-

94 417 204 445 turno:
220 409 317 451 hujus
331 408 401 443 litis
417 433 427 449 ,
449 410 481 443 8<
507 409 674 445 malorum
688 410 841 446 omnium
857 439 866 451 ‚
892 422 964 457 quae
986 410 1066 444 inde
1083 420 1277 444 evenerunt
1296 437 1303 448 ,
1329 410 1503 444 excitator
1517 407 1564 443 est
1577 435 1588 448 ,

94 457 127 490 δι
144 459 290 494 author,
313 463 417 500 utque
436 456 522 492 Fons
548 455 764 503 Baptisinalis
791 466 1013 494 removeatur
1041 459 1083 492 ab
1106 457 1252 492 Ecclefia
1278 457 1425 504 Spiritus
1451 456 1559 489 Sanffl
1577 481 1587 495 .

94 515 138 538 rie
154 504 279 550 lignum
301 502 335 537 in
359 514 396 538 ea
412 504 548 548 aliquod
561 531 570 544 ‚
597 506 809 541 &indicium
827 506 863 540 sit
890 504 1171 540 Parochialitatis
1185 532 1194 544 ,
1222 505 1329 551 spreta
1354 503 1586 549 exceptione,

94 564 200 597 quam
223 549 411 585 deducebat
428 552 584 587 Andreas
606 550 713 598 Eraga
728 565 841 588 coram
862 556 906 588 A.
927 553 970 588 C.
985 580 993 592 ,
1023 565 1099 587 cum
1117 555 1151 588 in
1178 553 1255 588 casu
1271 553 1472 588 necestitatis
1496 549 1586 585 nihil

95 610 185 644 opus
203 597 241 632 sit
263 596 372 633 Fonte
387 597 586 645 Baptismali
603 626 612 639 ,
638 601 670 635 8<
689 600 801 636 Infans
816 627 824 640 ‚
853 601 910 649 qui
927 600 962 634 in
988 601 1150 647 periculo
1164 600 1288 635 mortis
1301 600 1501 634 constitutus
1514 599 1562 632 est
1575 624 1586 639 ,

96 647 136 679 ad
159 644 346 680 Ecclesiam
362 671 372 684 ‚
394 646 424 680 δι
443 646 587 681 Fontem
608 646 847 694 Baptismalem
865 660 933 683 non
958 648 1133 683 deferatur
1148 675 1156 687 ‚
1181 648 1232 682 sed
1249 650 1343 682 domi
1366 674 1373 686 ,
1400 646 1460 682 libi
1484 655 1585 680 natus

96 691 143 727 est
159 719 169 733 ‚
194 704 278 738 aqua
296 719 306 733 ,
331 693 362 727 ἃ
391 693 521 738 Spiritu
539 694 658 730 Sancto
684 698 876 743 regenerari
893 696 986 739 pollii
1003 708 1021 729 a
1045 706 1260 742 quocumque
1274 721 1285 734 ‚
1312 696 1401 728 itaut
1418 692 1519 729 facile
1532 693 1583 728 di-

97 740 280 785 gnoscatur
301 738 480 786 diffugium
499 740 562 776 effe
577 769 587 782 ,
612 744 699 789 quod
724 745 880 778 Sacerdos
899 743 957 778 ille
972 755 1082 778 coram
1099 746 1138 777 A.
1159 742 1199 776 C<
1220 742 1417 787 excipiebat
1430 768 1438 775 .
1611 743 1626 752 ⁸

47 785 132 821 Haec
159 785 356 832 Praepofims
383 788 559 824 Eironici:
586 791 620 825 A
638 791 765 836 Populo
781 791 928 836 Ripariae
943 817 951 830 ‚
977 791 1008 826 ἃ
1033 792 1214 826 Sacerdote
1231 789 1335 834 Eraga
1352 787 1508 838 libellum
1521 786 1582 828 Ju-

94 834 181 868 rium
205 836 349 869 nondum
364 835 567 873 habuimus.
599 839 797 873 Decernere
815 839 931 885 itaque
953 840 1076 873 debent
1100 837 1362 873 Eminentissimi
1383 838 1501 872 Patres
1515 862 1523 870 .

46 887 106 916 -An
122 881 329 925 fitstandum
345 909 355 923 ,
382 886 441 920 vel
455 887 672 921 recedendum
687 900 707 920 a
737 887 850 930 deczyis
871 889 905 922 in
933 888 1008 930 casu
1025 892 1102 923 &c-

223 991 410 1042 Dilata
428 994 494 1044 ad
515 994 752 1061 primam
773 994 895 1063 post
915 1013 1079 1063 aquas
1100 1035 1114 1058 ‚
1152 1001 1201 1047 ὃ(
1223 995 1291 1046 ad
1311 1007 1548 1046 mentem
1570 1034 1582 1046 .

45 1122 131 1204 Α
156 1120 393 1158 SCULANA
408 1123 874 1162 CAPPELLANIARUM
893 1126 1045 1163 SUPER
1063 1124 1488 1162 D181³EN5AT10N132
1506 1125 1586 1160 Duo
1643 1120 1719 1166 Sesl'ss
1741 1131 1799 1167 23.
1812 1133 1842 1156 c.
1855 1126 1892 1159 6.

169 1169 203 1204 in
220 1169 363 1204 Familia
388 1171 526 1217 Broglia
540 1198 548 1211 ‚
577 1184 650 1217 qux
664 1174 751 1209 inter
766 1173 889 1218 primas
902 1174 947 1207 est
963 1175 1094 1220 Oppidi
1114 1172 1265 1220 ophidae
1284 1172 1463 1207 Ascu‘anae
1483 1173 1587 1210 Di'oe-
1617 1171 1656 1207 de
1671 1170 1820 1216 Reform.

89 1216 228 1256 ceseos‚
255 1216 395 1260 suerunt
419 1219 627 1254 Fundatores
653 1221 954 1267 Cappellaniarum
971 1233 1004 1256 in
1035 1221 1178 1257 Ecclesia
1197 1221 1410 1256 Sanffiilimie
1426 1220 1589 1256 Trinita-

94 1264 140 1299 tis
161 1263 309 1306 eiusdem
326 1265 482 1312 Oppidi.
512 1267 638 1302 Primus
659 1268 724 1303 fuit
750 1270 936 1303 Armenius
963 1268 1072 1303 senior
1095 1297 1102 1309 ,
1127 1270 1184 1317 qui
1221 1268 1436 1303 lestssmento
1452 1293 1462 1308 ³
1491 1269 1586 1315 qUOd
1627 1310 1632 1314 ,

92 1311 246 1346 condidit
260 1318 459 1353 ann0164i.
474 1313 737 1358 Cappellaniam
751 1316 911 1350 fundavit
926 1343 937 1357 ,
960 1317 1054 1355 cuius
1076 1317 1332 1360 Juspatronatus
1360 1315 1500 1362 reliquit
1517 1317 1584 1351 hae-

90 1358 229 1394 redibus
252 1357 343 1397 suis,
367 1360 399 1394 ὅτ
415 1359 692 1398 descendentibus
709 1366 742 1397 in
769 1362 941 1399 inlinitum
959 1390 969 1403 ,
996 1364 1079 1399 dato
1105 1364 1219 1399 iisdem
1237 1373 1338 1396 onere
1353 1388 1375 1402 2,
1402 1363 1479 1397 Che
1494 1362 1583 1398 deb-

45 1431 69 1446 „
93 1405 187 1440 bano
205 1405 363 1452 eleggere
376 1407 503 1453 sempre
518 1409 613 1454 ilpiu
624 1411 783 1456 proffimo
797 1411 1050 1459 consanguineo
1068 1411 1137 1446 mio
1153 1439 1161 1452 ,
1187 1410 1316 1457 porche
1340 1409 1382 1444 sia
1396 1411 1487 1445 abile
1500 1420 1519 1444 e
1535 1408 1581 1446 fia

44 1477 69 1493 ‚,
93 1453 183 1487 della
205 1453 371 1500 Famiglia
389 1454 522 1502 Broglia
537 1482 547 1496 ‚
571 1458 660 1492 edin
676 1458 800 1493 difetto
818 1457 855 1493 di
878 1459 984 1506 questi
1010 1459 1193 1505 elegghino
1205 1459 1250 1505 gl·
1265 1456 1357 1492 affini
1373 1459 1437 1493 ὄις.
1454 1484 1464 1498 ,
1487 1469 1505 1492 e
1519 1457 1582 1491 do·

45 1525 70 1541 „
95 1510 138 1545 po
151 1500 257 1546 questi
271 1527 282 1539 ,
303 1501 486 1547 chiparerii
501 1515 519 1539 a
538 1505 609 1538 loro
624 1507 690 1540 ὅτε.
715 1506 809 1541 abile
846 1507 879 1541 oi
902 1507 1020 1544 voglio
1037 1534 1046 1547 ,
1073 1509 1134 1541 che
1152 1513 1178 1541 s’
1196 1509 1334 1540 inienda
1349 1505 1489 1552 quello,
1515 1505 1580 1540 che

47 1573 72 1588 ,‚
96 1547 240 1583 secondo
267 1547 394 1585 ilRito
413 1551 443 1585 di
457 1551 562 1586 Santa
582 1552 705 1588 Chiesa
720 1519 1079 1590 fflc'lzrffi‘t‘ddelia
1094 1554 1203 1599 prima
1230 1554 1378 1597 sensura
1399 1581 1406 1592 ,
1429 1566 1447 1587 e
1462 1552 1492 1587 se
1507 1552 1581 1587 sara

47 1621 72 1636 2,
96 1594 133 1629 di
151 1594 238 1631 Casa
252 1594 385 1641 Broglia
401 1624 411 1638 ,
436 1610 491 1633 ma
509 1599 542 1634 se
556 1598 629 1635 sara
655 1597 1308 1649 dellfflffi‘giffigffifffie‘fii
1320 1596 1503 1636 'Sacerdote
1526 1613 1537 1638 5
1560 1611 1581 1634 e

46 1668 72 1686 „
98 1642 129 1676 se
144 1641 217 1694 sara
230 1644 300 1678 mio
312 1643 469 1690 figliuolo
482 1672 492 1686 ,
517 1659 535 1681 e
547 1646 766 1684 discendente
780 1652 819 1684 de
833 1650 912 1683 miei
927 1649 998 1697 figl'i
1017 1678 1026 1690 ,
1053 1651 1170 1697 voglio
1184 1677 1193 1690 ,
1215 1651 1278 1684 che
1295 1652 1323 1683 s'
1337 1648 1471 1684 intenda
1489 1648 1581 1682 abile

46 1716 70 1731 ,‚
95 1689 208 1742 subito
227 1717 236 1731 ,
263 1691 325 1727 che
342 1693 361 1726 ὲ
384 1702 486 1732 nato,
512 1696 640 1740 purch&
663 1697 824 1732 venendo
845 1697 905 1732 all'
930 1699 984 1733 eta
1006 1698 1156 1744 legitima
1179 1698 1262 1744 pigli
1280 1697 1385 1733 asuoi
1413 1694 1516 1740 tempi
1530 1697 1582 1743 gl*

47 1763 70 1777 ‚‚
97 1738 246 1778 Ordini,
274 1751 292 1773 e
309 1740 442 1776 facciasi
463 1742 645 1779 Sacerdote
659 1755 754 1779 come
775 1745 869 1790 sopra
897 1745 960 1780 ὅτε.
986 1744 1150 1780 dovendo
1176 1748 1256 1790 pero
1279 1744 1326 1778 sar
1351 1744 1527 1779 celebrare
1546 1745 1581 1779 le

45 1810 69 1825 „
98 1784 229 1837 Melle,
248 1799 267 1821 e
292 1787 495 1835 sodisfargl’
508 1789 644 1838 obligbi
662 1794 715 1827 del
729 1792 968 1840 Juspatronato
982 1794 1099 1840 quello
1113 1819 1123 1832 ‚
1151 1795 1213 1829 che
1229 1793 1261 1827 lo
1275 1793 1398 1839 godera
1416 1818 1427 1832 ,
1455 1803 1580 1827 ancor-

45 1856 69 1871 ,‚
95 1832 241 1868 cheinio
265 1834 482 1871 descendente
497 1859 509 1871 .
730 1873 732 1876 ,

45 1881 149 1914 Alter
163 1879 228 1916 fuit
250 1881 447 1918 Francilcus
462 1883 639 1921 Antonius
656 1884 791 1932 Broglia
815 1886 905 1921 filius
924 1886 1083 1932 Gregorii
1097 1885 1214 1922 fratris
1232 1885 1416 1925 Armenii,
1439 1885 1497 1932 qui
1518 1891 1591 1923 an-'

91 1938 138 1978 no
167 1934 265 1971 1692.
288 1929 388 1964 aliam
401 1930 712 1977 Cappellaniamin
736 1934 851 1967 eadem
871 1933 1019 1968 Ecclefia
1045 1934 1226 1973 fundavit,
1255 1934 1287 1968 ὅ(
1313 1933 1353 1968 ad
1378 1944 1451 1967 eam
1469 1945 1578 1969 voca-

93 1984 145 2025 vit
168 1999 191 2013 „
219 1975 327 2010 adesso
340 1988 397 2022 per
422 1979 527 2014 allora
541 1991 608 2016 uno
625 1980 716 2016 della
736 1980 904 2026 Fainiglia
918 2007 926 2019 ,
953 1982 1078 2026 purch&
1095 1979 1137 2014 fia
1154 1982 1188 2015 in
1204 1981 1259 2015 eta
1281 1980 1401 2014 a’anni
1417 1989 1576 2027 quattor-

47 2047 70 2061 „
92 2022 158 2057 dici
177 2049 187 2062 ,
212 2023 419 2060 escludendo
446 2026 557 2071 percio
584 2029 630 2064 D.
659 2028 852 2068 Armenio,
877 2040 895 2062 e
910 2029 956 2063 D.
978 2028 1107 2063 Nicolo
1124 2027 1205 2062 miei
1220 2028 1422 2074 Cuginicon
1439 2037 1529 2063 tutta
1542 2028 1577 2063 la

45 2091 69 2107 a,
94 2069 128 2121 di
150 2070 223 2105 loro
237 2071 394 2118 posteritz‘t
408 2085 473 2121 per
498 2072 582 2107 esser
600 2076 625 2111 li
638 2073 810 2110 medesiini
833 2076 971 2120 provisti
986 2078 1026 2110 de
1052 2074 1137 2109 Beni
1154 2073 1375 2111 Ecclesiastici
1392 2102 1402 2115 ,
1426 2086 1445 2108 e
1462 2078 1578 2111 Pater-

46 2140 71 2155 „
93 2126 128 2150 m
146 2145 152 2154 .
177 2130 244 2155 non
266 2119 405 2155 avendo
418 2131 524 2156 avuto
547 2123 638 2158 altro
659 2122 780 2167 scopo,
807 2123 870 2158 che
886 2134 943 2168 pei·
963 2123 1136 2158 sollevare
1164 2123 1259 2157 dalle
1277 2122 1411 2158 miserie
1432 2123 1463 2157 la
1486 2123 1575 2158 Casa

43 2186 69 2202 2,
94 2163 230 2212 Broglia
254 2165 418 2203 destituta
430 2169 554 2214 d’ogn‘
571 2170 662 2206 altro
677 2181 799 2205 umano
821 2169 970 2205 soecorso
997 2183 1007 2208 ς
1031 2183 1049 2205 e
1070 2171 1168 2205 finita
1193 2170 1224 2205 la
1257 2169 1363 2205 Linea
1389 2169 1576 2206 mascolina

46 2237 70 2252 „
92 2211 230 2259 ssroglia
247 2241 257 2254 ‚
279 2215 399 2250 ordino
415 2242 425 2256 ,
452 2228 471 2250 e
493 2219 697 2253 commando
712 2244 720 2256 ,
748 2218 810 2252 che
835 2218 965 2265 polline
989 2217 1164 2253 succedere
1182 2218 1206 2252 li
1220 2217 1292 2264 figli
1309 2218 1340 2252 di
1368 2216 1430 2252 zio
1459 2217 1577 2253 Rocco

45 2284 69 2300 ,‚
91 2259 310 2302 Costamini,
338 2274 356 2297 e
378 2260 502 2309 figlide
527 2264 602 2313 figli
616 2266 650 2300 in
682 2264 855 2300 infinitum
875 2265 1055 2310 parimenti
1072 2267 1104 2300 d'
1118 2266 1197 2300 anni
1218 2278 1272 2307 ¹4·
1290 2276 1354 2301 con
1368 2264 1481 2311 questa
1494 2276 1580 2300 con-

44 2334 69 2350 „
94 2307 229 2344 dizione
244 2335 255 2349 ‚
280 2309 344 2346 che
367 2311 475 2346 debba
491 2310 665 2349 succedere
679 2323 738 2359 per
756 2312 917 2358 aggiunta
933 2339 959 2352 „
1004 2313 1194 2359 Utramque
1218 2311 1481 2358 Cappellaniam
1499 2311 1580 2356 pos-

91 2355 244 2396 fidebat,
271 2358 329 2404 qui
343 2369 449 2404 nuper
468 2360 522 2395 die
546 2361 677 2397 scilicet
696 2373 749 2401 17.
773 2360 986 2395 Novembris
1010 2372 1099 2395 anno
1127 2372 1226 2403 ¹749·
1241 2360 1417 2395 desune‘tus
1437 2358 1484 2393 est·
1506 2359 1579 2393 Ca-

90 2403 231 2439 nonicus
251 2403 375 2451 loseph
396 2403 530 2453 Broglia
547 2437 554 2445 .
583 2408 750 2443 Nicolaus
766 2407 914 2442 defuncti
941 2408 1043 2443 frater
1056 2434 1066 2448 ‚
1091 2419 1168 2442 cum
1184 2408 1300 2443 nullus
1326 2405 1507 2441 exfamilia
1525 2405 1581 2442 sua.

90 2450 186 2492 esset,
201 2451 259 2498 qui
273 2451 353 2498 eligi
367 2453 469 2498 posset
484 2481 493 2494 ,
505 2455 567 2491 nisi
582 2458 752 2491 Armeniis
764 2453 852 2490 filius
910 2467 944 2489 er
957 2456 1245 2495 triumannorum,
1262 2455 1354 2489 liunc
1367 2453 1558 2488 nominavit
1571 2480 1581 2493 ‚

90 2510 132 2533 ea
144 2508 256 2534 tainen
272 2498 348 2544 lege
363 2526 373 2538 ‚
389 2510 452 2535 uta
466 2502 700 2539 Sacratissimo
718 2503 873 2546 Principe
891 2502 1001 2538 nostro
1015 2513 1151 2537 veniam
1169 2503 1280 2539 :etatis
1298 2502 1583 2546 iinpetraret‚alio

91 2545 230 2582 interim
256 2545 436 2582 constituto
459 2549 640 2585 Sacerdote
653 2576 664 2589 ‚
691 2550 751 2598 qui
776 2561 879 2584 onera
896 2549 1137 2597 Cappellaniis
1151 2551 1278 2593 adjecta
1294 2561 1313 2583 a
1346 2548 1579 2585 fellatoribus

91 2592 275 2640 impleret.
288 2594 427 2630 Oblatis
444 2594 546 2640 igitur
563 2598 709 2645 Optimo
724 2597 946 2645 Maximoque
961 2598 1112 2640 l'rincipi
1127 2597 1177 2631 his
1193 2597 1341 2641 precibus
1356 2625 1365 2637 ,
1378 2595 1503 2641 quibus
1519 2608 1582 2632 ve·

92 2641 147 2674 nia
166 2641 275 2676 aetatis
291 2641 519 2685 postulabatur
532 2671 541 2684 ,
556 2647 632 2679 data
646 2645 711 2680 fuit
723 2645 915 2680 earumdem
931 2644 1087 2691 cognitio
1101 2643 1326 2689 Amplil'simis
1356 2643 1533 2679 Patribus.

26 2698 29 2700 ·
49 2686 205 2724 Auditus
223 2687 288 2724 fuit
303 2714 313 2729 ‚
327 2699 364 2723 ut
378 2689 479 2724 iiioris
494 2689 540 2725 est
556 2717 566 2730 ‚
579 2691 760 2738 Episcopus
778 2693 993 2726 Aicuiannus
1011 2719 1020 2731 ,
1052 2693 1084 2725 ἅ
1105 2703 1217 2726 coram
1233 2693 1353 2726 codem
1368 2690 1534 2736 Episcopo
1548 2691 1582 2727 in

90 2736 147 2776 Jiis
161 2744 301 2770 vocatus
316 2735 380 2771 fuit
396 2736 555 2774 Clericus
569 2738 767 2774 Franciscus
783 2741 952 2774 Anionius
965 2736 1157 2772 Costantini
1172 2738 1375 2774 descendens
1389 2750 1407 2772 a
1424 2737 1583 2777 Roccho‚

95 2782 127 2817 ὃ(
140 2780 336 2818 substitutus
351 2785 386 2819 in
401 2784 601 2822 testamento
616 2786 749 2822 secundi
762 2786 974 2822 Fundatoris
991 2785 1164 2822 Erancisci
1180 2786 1330 2822 Antonii
1347 2783 1483 2830 ssroglia
1499 2811 1507 2824 ‚
1526 2787 1585 2831 qui

1422 2840 1536 2868 tamen
