1978 3017
332 98 591 180 agiam-onus
611 138 755 182 Ecclefiae
777 135 969 181 Collegiatae
984 135 1114 172 Montis
1133 130 1228 167 Ereti
1241 134 1399 176 teneatur
1412 126 1456 171 aql
1478 125 1578 168 illius
1604 124 1818 165 dot-'ctionem
1832 121 1849 161 ‚'

380 195 423 228 &⁴
439 192 473 225 in
487 201 554 236 qua
567 189 764 235 quantitate
779 187 813 219 in
830 182 908 226 Casu
923 185 1002 231 &cy

430 331 512 366 Non
531 330 723 377 proposita.

55 470 139 513 58.st-
155 480 208 512 25·
222 483 303 514 0³9.
431 472 660 509 UCERINA
680 465 1071 507 RESTITUTIONIS
1095 463 1148 498 IN
1169 459 1443 502 INTEGRUM
1456 480 1465 492 ·
1494 456 1762 494 Precesobtulit
1779 465 1844 490 an·

30 519 67 553 cle
83 521 191 564 rtgxl,
443 532 486 554 no
503 531 600 566 ¹747-
620 519 847 554 Sacratillimo
863 514 1013 559 Principi
1032 512 1144 547 nostro
1160 511 1194 545 P.
1214 508 1450 555 Archangelus
1463 506 1576 542 Maria
1590 518 1608 540 a
1634 504 1742 539 'turri
1768 503 1848 538 Ma·

385 567 450 610 jori
467 567 629 603 Professus
647 567 679 601 in
694 564 904 603 Monasterio
932 562 997 597 FP.
1013 561 1046 596 S.
1059 557 1229 594 Francisci
1259 557 1350 592 Min.
1364 553 1509 592 observ.
1534 556 1564 593 ,3.
1582 552 1707 589 Mariae
1731 548 1848 586 Vallis

386 614 545 659 Stignani
560 642 569 654 ‚
580 615 701 661 quibus
718 612 909 658 postulabat
922 609 956 644 in
968 609 1136 654 integrum
1150 603 1283 640 restitui
1300 601 1456 639 adversus
1472 600 1712 640 Profeffionem
1724 606 1850 643 ,quam

387 663 422 697 vi
437 670 594 707 metuque
610 661 764 697 emiserat
780 670 872 696 anno
892 663 988 697 1726-
1005 656 1100 690 Data
1121 653 1187 688 fuit
1204 651 1304 694 huius
1325 649 1562 696 postulationis
1575 646 1733 693 cognitio
1756 646 1851 687 Am-

386 708 540 754 plissimis
556 707 728 745 Patribus,
750 718 767 740 a
781 706 902 751 quibus
918 703 1079 738 mandata
1089 699 1324 743 ·inrisdi&ione
1340 697 1509 742 Episcopo
1522 694 1695 733 Lucerino
1709 719 1719 733 ‚
1745 690 1850 725 sanstus

387 756 454 792 fuit
466 755 638 801 processus
655 782 664 794 ,
689 754 743 789 sed
758 755 826 788 lata
842 764 859 785 a
883 749 1105 790 Sacratiflimo
1134 746 1290 792 Principe
1305 743 1531 789 cognitissima
1561 739 1822 783 Constitutione
1840 762 1851 776 ‚

387 814 458 849 quae
476 803 539 836 hac
553 803 593 836 de
608 815 643 840 re
658 802 703 836 est
718 827 726 839 ‚
753 801 829 834 data
845 798 912 837 fuit
925 799 968 832 ad
987 797 1142 830 eumdem
1161 791 1366 838 Episcopum
1378 789 1520 836 epistola
1535 815 1545 828 ,
1569 799 1608 824 ut
1623 789 1761 823 servata
1773 784 1851 827 sor-

388 861 440 884 ma
456 848 603 892 ejusdem
620 847 885 888 Constitutionis
900 872 910 885 ,
934 855 1061 880 novum
1079 839 1262 887 processum
1279 836 1465 878 conficeret
1477 859 1487 870 .
1516 836 1598 870 Hoc
1610 834 1754 880 expleto
1767 858 1777 872 ,
1793 835 1852 873 de-

388 895 526 932 ficiebat
540 908 684 932 examen
700 895 799 943 ipsius
815 895 852 934 P.
867 889 1082 937 Archangeli
1099 887 1221 923 Mariae
1237 913 1247 926 ‚
1272 885 1331 933 qui
1347 909 1359 924 ,
1383 896 1461 920 cum
1478 883 1512 918 in
1528 882 1627 918 Urbe
1640 880 1721 922 effet
1737 906 1748 920 ‚
1772 890 1854 916 exa-

390 944 474 979 mini
487 943 648 985 subjectus
663 943 728 978 fuit
743 953 859 977 coram
874 936 1144 975 Eminentiffimo
1158 935 1264 969 Urbis
1279 933 1444 976 vicario.
1468 931 1518 966 Ex
1535 930 1585 965 his
1597 929 1754 971 omnibus
1767 937 1854 966 con-

390 991 452 1026 ssat
466 990 501 1025 P.
516 990 771 1036 Archangelum
788 1016 797 1028 ,
822 989 877 1030 cui
897 997 1022 1027 nomen
1035 993 1106 1025 erat
1121 983 1156 1017 in
1176 981 1298 1021 saeculo
1313 978 1477 1014 Nicolaus
1490 978 1688 1018 Cataneus,
1710 983 1857 1021 puerum

392 1049 410 1078 a
424 1047 520 1084 patre
538 1038 692 1075 relictum
707 1035 805 1073 fuisse
823 1062 832 1074 ‚
854 1045 930 1073 cum
944 1033 1055 1071 obiit,
1083 1030 1234 1068 Matrem
1251 1031 1294 1062 ad
1311 1026 1472 1068 secundas
1487 1023 1614 1065 venisse
1629 1023 1764 1069 nuptias
1776 1031 1856 1056 cum

393 1083 550 1119 Xaverio
564 1083 683 1119 Sirena
705 1082 832 1122 villico
852 1080 1018 1126 Principis
1032 1077 1142 1114 §aneti
1159 1075 1301 1115 Severi,
1331 1075 1409 1116 viro
1421 1074 1508 1109 truci
1523 1097 1533 1112 ,
1559 1072 1591 1116 ἃ
1609 1070 1730 1105 ferocis
1755 1069 1858 1114 inge-

393 1132 444 1166 m‘i
459 1158 468 1172 ‚
493 1131 551 1176 qui
566 1143 643 1167 cum
659 1132 691 1166 δι
705 1129 874 1165 viliffimae
889 1155 899 1167 ‚
925 1129 955 1163 &
973 1125 1196 1174 pauperrimae
1221 1120 1429 1166 conditionis
1453 1120 1534 1156 ess'et
1545 1144 1557 1159 ‚
1579 1129 1641 1154 nec
1657 1116 1760 1162 posset
1776 1115 1856 1161 pri-

394 1179 517 1224 vignos
531 1180 622 1215 alere
635 1205 644 1219 ,
671 1175 845 1221 cogitavit
861 1175 1049 1213 Nicolaum
1063 1174 1098 1207 in
1115 1169 1363 1215 Monasterium
1375 1169 1545 1209 conjicere
1557 1193 1566 1208 ,
1592 1175 1699 1202 matre
1712 1163 1858 1206 ,consen-

395 1225 466 1261 sum
481 1251 492 1265 2
520 1237 689 1274 Opemque
712 1225 890 1273 praestante
915 1222 1014 1258 minis
1029 1246 1039 1261 ,
1064 1222 1096 1261 ἃ
1123 1217 1326 1260 verberibus
1343 1242 1353 1255 ‚
1379 1227 1457 1251 nam
1475 1214 1666 1251 reluctabat
1689 1211 1859 1246 Nicolaus

396 1274 534 1308 aversus
547 1274 663 1309 animo
681 1285 698 1308 a
723 1273 796 1308 vita
813 1270 975 1318 Regulari
995 1293 1005 1312 ‚
1029 1266 1205 1304 AbduCtus
1221 1264 1256 1299 in
1272 1263 1497 1306 Conventum
1522 1261 1699 1304 Minorum
1725 1257 1858 1293 Obser-

395 1321 553 1356 vantium
569 1321 769 1368 imperitum
794 1319 859 1355 sese
876 1317 1021 1354 ostendit
1050 1315 1164 1350 latinae
1190 1312 1339 1357 linguae,
1363 1323 1406 1346 ne
1422 1311 1666 1357 reciperetur,
1691 1306 1723 1346 ὃς
1749 1302 1860 1348 consi-

395 1367 483 1402 lium
498 1369 561 1412 hoc
575 1370 606 1403 ei
622 1369 776 1405 feliciter
789 1364 954 1402 evenisset
968 1390 978 1403 ,
1005 1362 1065 1398 nisi
1079 1359 1226 1408 epistolae
1240 1358 1417 1404 Episcopi,
1443 1359 1472 1392 δι
1492 1354 1658 1401 Principis
1671 1351 1784 1388 Sancti
1796 1351 1859 1391 Se-

394 1417 466 1466 veri
480 1441 489 1454 2
517 1416 641 1462 quibus
659 1412 946 1454 commendabant
966 1410 1154 1455 Nicolaum
1170 1434 1180 1449 ,
1207 1407 1242 1453 in
1256 1409 1354 1455 caula
1374 1403 1510 1447 fuissent
1525 1430 1536 1445 ,
1561 1404 1607 1446 uf
1616 1404 1706 1437 inter
1717 1407 1860 1447 tyrones

395 1473 607 1509 reciperetur
622 1491 632 1505 ‚

349 1512 458 1560 JEgre
477 1509 607 1546 ferebat
620 1511 692 1554 ejus
720 1510 801 1548 vitre
826 1523 930 1558 genus
951 1508 986 1547 P.
1015 1504 1278 1555 Archmgffius,
1306 1514 1370 1540 nec
1394 1501 1514 1539 verbis
1538 1507 1671 1547 tanturn
1693 1493 1862 1542 prodebat

398 1557 610 1595 voluntatem
630 1562 720 1595 suam
735 1562 944 1596 contrariam
959 1556 1140 1603 Religiosts
1156 1581 1166 1595 ,
1191 1553 1243 1587 sed
1260 1551 1364 1587 etiam
1377 1549 1529 1592 epistolis
1544 1549 1585 1582 ad
1601 1545 1730 1581 amicos
1743 1569 1754 1582 ‚
1770 1551 1860 1577 con·-

397 1604 600 1652 >sanguineos
617 1634 626 1648 ,
651 1609 821 1654 ipsumque
841 1607 1030 1643 Vim-icum
1046 1604 1136 1640 datis
1155 1601 1352 1636 facultatem
1367 1598 1502 1643 petebat
1516 1593 1681 1631 redeundi
1697 1591 1835 1638 domum
1848 1611 1860 1626 2

399 1653 475 1691 sech
503 1665 579 1689 cum
601 1655 688 1693 nihil
703 1657 875 1691 obtineret
890 1681 900 1695 ,
922 1653 982 1691 nisi
1001 1662 1136 1689 atroces
1167 1648 1298 1689 minas,
1322 1646 1496 1690 desperans
1515 1642 1646 1689 aliquid
1673 1637 1832 1682 consequi
1849 1658 1862 1673 a

399 1700 530 1746 aufugit
547 1715 563 1737 e
588 1703 690 1739 domo
705 1703 916 1749 probationis
930 1728 940 1741 ,
966 1699 1108 1736 delituit
1126 1697 1160 1733 in
1178 1695 1254 1738 luco
1270 1721 1279 1735 ,
1304 1692 1385 1735 inde
1399 1694 1487 1736 apud
1499 1698 1646 1738 amicum
1662 1712 1672 1725 ,
1697 1694 1795 1731 aquo
1810 1692 1864 1716 re-

397 1747 511 1783 ductus
527 1749 592 1784 fnit
609 1751 643 1783 in
657 1750 798 1791 clamum
817 1749 984 1783 victrici:
1014 1748 1182 1789 Exceptus
1200 1741 1262 1775 fuit
1276 1741 1396 1780 ifflbus
1409 1765 1418 1777 ,
1443 1741 1475 1772 ὅ(
1489 1735 1688 1775 verberibus
1708 1757 1718 1771 ‚
1743 1732 1775 1766 &
1798 1740 1863 1775 po-

395 1794 485 1844 stem
510 1795 563 1830 die
594 1797 725 1830 vinetus
742 1796 783 1830 ad
807 1793 1057 1830 Monasterium
1082 1791 1204 1826 iterum
1231 1788 1384 1823 reduetus
1398 1785 1470 1823 est,
1493 1780 1715 1828 receptusque
1739 1784 1862 1829 contra

397 1842 541 1879 Ordinis
554 1842 826 1878 Constitutiones
844 1842 881 1876 vi
893 1839 1108 1886 epistolarum
1121 1864 1131 1880 ‚
1156 1847 1230 1882 quae
1247 1832 1535 1873 ,commendabam
1548 1839 1676 1865 novam
1691 1834 1861 1874 receptio—

395 1899 474 1922 nem
488 1913 498 1927 ³
521 1890 732 1936 tyrocinium
748 1888 910 1932 incoepit.
938 1887 1038 1927 Toto
1064 1882 1276 1932 probationis
1293 1893 1382 1917 anno
1407 1878 1542 1918 assiduis
1560 1874 1709 1924 ‚querelis
1730 1874 1771 1907 de
1792 1881 1828 1913 vi
1842 1880 1862 1903 a

395 1935 556 1985 Victrico
574 1937 672 1972 illata
689 1936 943 1981 Religiosorum
955 1945 1052 1970 aures
1077 1931 1241 1979 implevit
1256 1956 1265 1969 ‚
1290 1928 1400 1965 surdis
1415 1937 1540 1962 canens
1555 1924 1686 1969 semper
1709 1948 1720 1963 ,
1745 1919 1861 1970 literas

396 1981 492 2033 dedit
514 1986 553 2018 ad
578 1984 728 2025 Matrem
743 2010 753 2023 ,
779 1983 1057 2029 victricumque,
1085 1980 1137 2014 sed
1161 1975 1318 2023 responsa
1339 1983 1437 2016 erant
1462 1973 1563 2016 mina:
1587 1969 1710 2008 mortis
1735 1995 1743 2003 .
1771 1966 1862 2003 Dies

395 2032 591 2069 ‚emittendae
617 2030 827 2066 Profeffionis
841 2040 986 2066 venerat
1000 2055 1010 2069 ,
1036 2026 1168 2063 acceffit
1192 2023 1367 2065 Victricus
1388 2023 1430 2058 ad
1456 2017 1724 2059 Monasterium‚
1747 2015 1779 2049 &
1796 2023 1862 2047 au-

396 2076 493 2128 diens
513 2078 808 2118 constantifl'tmam
823 2078 859 2115 P.
873 2075 1087 2123 Archangeli
1100 2073 1318 2110 voluntatem
1338 2082 1407 2107 non
1419 2066 1607 2118 profitendi
1633 2071 1785 2104 mortem
1807 2060 1861 2099 in-

396 2124 483 2160 dixit
508 2126 544 2160 in
566 2126 682 2162 vicino
706 2137 845 2162 nemore
861 2151 871 2166 ,
899 2126 935 2161 ni
962 2123 1207 2160 Profeffionem
1228 2118 1427 2160 emitteret.
1459 2114 1609 2150 Acceffit
1635 2109 1729 2146 soror
1749 2135 1759 2148 ‚
1786 2119 1861 2153 quae

395 2173 481 2207 bene
495 2173 635 2209 noscens
652 2174 795 2209 Victrici
812 2174 992 2219 imperium
1006 2199 1016 2212 ‚
1044 2172 1235 2215 lacrymans
1248 2165 1349 2210 suasit
1368 2191 1379 2205 ‚
1403 2174 1441 2201 ut
1462 2160 1682 2203 certissimum
1705 2162 1862 2199 aveteret

396 2220 589 2271 pcriculum
604 2246 615 2260 ‚
637 2221 775 2262 servans
800 2221 832 2257 se
847 2220 956 2267 ipsum
973 2219 1075 2255 rebus
1101 2214 1254 2258 secundis
1269 2237 1280 2256 2
1303 2212 1426 2259 quibus
1448 2212 1488 2245 de
1501 2207 1665 2244 nullitate
1678 2201 1861 2254 Profcffis’?

398 2277 451 2301 ms
475 2268 584 2302 dicere
605 2268 707 2313 posset
733 2293 743 2303 .
769 2270 848 2309 Hac
876 2268 1015 2303 ratione
1035 2263 1275 2303 Profeffionem
1303 2258 1411 2294 emifit
1435 2257 1631 2303 lacrymans
1659 2280 1670 2294 ,
1694 2263 1734 2293 ac
1757 2248 1862 2286 trtstls

398 2313 435 2346 P.
459 2315 700 2360 Archangelus
728 2341 738 2354 ,
766 2314 968 2361 scripsitque
996 2314 1032 2349 in
1056 2312 1151 2347 libro
1180 2306 1417 2344 Profeffionum
1438 2307 1655 2352 inspontanea
1683 2299 1862 2350 voluntate

397 2359 641 2397 Profeffionem
659 2360 795 2397 emifisse
813 2389 823 2402 ,
847 2363 961 2397 delata
978 2370 1092 2395 tamen
1109 2355 1237 2399 dicitur
1256 2355 1291 2389 in
1316 2352 1404 2391 libro
1417 2349 1581 2396 negativa
1608 2348 1672 2385 illa
1688 2343 1860 2393 particula

400 2409 433 2442 in
446 2435 456 2448 ,
480 2421 545 2455 qua
560 2409 739 2445 dissensum
752 2409 848 2446 suum
864 2409 991 2455 scripto
1005 2407 1269 2443 declaraverat;
1298 2412 1410 2447 neque
1438 2397 1567 2434 destitit
1582 2397 1659 2444 post
1685 2391 1859 2440 profeflio—

397 2467 476 2491 nem
495 2468 571 2492 cum
585 2457 729 2497 amicis,
754 2455 939 2503 Religiosis
956 2483 966 2496 ,
990 2450 1250 2499 consanguineis
1277 2449 1406 2490 nullam
1431 2457 1505 2486 eam
1532 2445 1670 2482 dicere,
1695 2443 1726 2476 δι
1743 2437 1861 2481 decla—

399 2513 478 2537 rare
494 2517 515 2555 ς.
528 2504 661 2546 Judicio
674 2512 786 2538 tamen
804 2502 956 2551 experiri
978 2514 1048 2543 non
1061 2498 1176 2547 potuit
1196 2496 1330 2533 defectu
1349 2492 1548 2541 patrimonii
1565 2491 1676 2529 sacri,
1700 2486 1790 2540 (19οᾱ
1802 2496 1861 2520 ne*

399 2547 577 2592 cessarium
600 2560 674 2586 erat
697 2564 739 2586 ex
761 2550 1079 2594 Constitutionibus
1106 2543 1333 2593 Synedalibus
1354 2568 1364 2584 ,
1400 2544 1433 2577 &
1461 2539 1593 2575 defeau
1613 2543 1836 2582 pecuniarum
1850 2554 1862 2568 2

402 2596 521 2646 quibus
553 2598 649 2634 litem
674 2598 906 2645 sumptuosam
934 2606 1070 2645 ageret.
1097 2593 1253 2638 Senectus
1278 2591 1414 2625 demum
1436 2585 1579 2623 viatici
1594 2585 1629 2620 in
1651 2580 1748 2620 causa
1772 2579 1863 2616 fuit,

402 2651 442 2676 ω
459 2644 528 2688 ¹Pse
550 2647 765 2689 poeniteret,
799 2647 831 2682 ὅ(
857 2645 1100 2693 patrimonium
1128 2640 1348 2680 constitueret
1375 2665 1382 2672 .
1408 2634 1530 2670 Testes
1555 2632 1670 2678 plures
1691 2630 1764 2664 haec
1785 2635 1865 2669 nar-

401 2699 506 2741 3'30‘?
535 2691 602 2748 ipse
617 2692 812 2733 Vidricus,
836 2702 971 2734 mater,
996 2692 1123 2731 frater,
1149 2685 1266 2728 soror,
1288 2685 1481 2733 Regulares
1498 2707 1510 2722 ‚
1535 2679 1730 2723 Sacerdotes
1745 2701 1756 2719 ‚
1781 2672 1865 2726 pai-

1761 2731 1795 2758 ci
1810 2747 1819 2756 .
