1977 3028
305 205 1485 346 INDEX

151 410 1079 482 coNCLusloNUM
1147 407 1624 492 OMNIUM,

801 557 852 609 A

924 559 968 609 C

427 690 1326 759 RESOLUTIONUM

218 809 395 934 *Quat
412 842 528 936 sub
547 841 756 926 Caldis
796 863 955 907 anno
990 861 1168 924 1752.
1203 843 1526 930 propositis

664 930 1027 1022 prodierunt
1050 983 1065 1003 ρ

400 1109 498 1198 Α

289 1251 326 1286 A
351 1249 377 1285 B
401 1249 423 1284 S
449 1251 476 1286 E
501 1251 537 1286 N
561 1252 581 1287 S
596 1277 606 1288 .

50 1294 126 1380 E
143 1298 173 1334 X
193 1296 288 1333 causa
311 1296 518 1333 infirmitatis
544 1298 695 1335 lucratur
725 1297 842 1345 quoti-

151 1345 268 1382 dianas
293 1344 544 1382 distributiones
556 1372 566 1386 ‚
596 1347 626 1382 δι
657 1349 845 1392 portionem

95 1391 211 1429 Massae
222 1392 410 1429 communis
424 1397 563 1432 Tranen.
573 1394 844 1436 distributionum

88 1449 173 1488 pag.
201 1451 259 1490 45.
300 1446 529 1488 caputaquen.
560 1443 844 1490 participationis

118 1501 138 1522 a
154 1499 172 1524 ⁷.
210 1498 243 1523 2.

88 1497 708 1573 pgffxDNOTATIO.

45 1579 106 1616 De
118 1581 247 1624 iustitia
259 1581 377 1618 harum
388 1583 641 1618 resolutionum
653 1594 719 1618 non
735 1582 846 1619 estdu-

91 1628 270 1665 bitandum
283 1642 295 1668 ;
318 1629 402 1664 Haee
415 1630 507 1665 enim
520 1630 586 1664 fuit
608 1630 760 1665 constans
773 1631 846 1665 sen-

35 1694 38 1697 ·
90 1676 203 1719 tentia
212 1676 309 1719 huius
322 1677 424 1712 Sacrae
435 1676 719 1723 Congregationis
731 1677 766 1712 in
778 1684 847 1712 Pa·

83 1726 180 1771 pien.
200 1734 254 1776 23.
269 1723 359 1769 Maji
373 1733 473 1771 1595.
493 1729 537 1761 ύ-
569 1735 618 1759 10.
635 1723 847 1764 Febr-1624.

86 1770 131 1805 ln
145 1770 198 1806 his
210 1770 301 1806 enim
315 1781 451 1816 precum
464 1770 744 1816 postulationibus
758 1782 844 1805 cen-

89 1817 159 1852 suit
174 1817 302 1854 sacrum
315 1816 486 1853 Tribunal
498 1818 681 1854 Canonico
694 1827 823 1864 aegroto
835 1843 845 1858 ,

88 1865 243 1908 quamvis
255 1872 349 1900 extra
366 1865 477 1900 locum
491 1865 644 1901 Ecclefiae
654 1865 843 1900 Cathedra·

87 1911 134 1947 lis
157 1912 396 1960 aegrotaverit,
419 1911 618 1959 proestandas
644 1911 710 1946 ess'e
733 1913 842 1948 totius

87 1959 161 2001 eius
173 1962 338 2007 temporis
347 1959 613 2000 distributiones,
634 1971 699 2007 qua
717 1962 756 1995 de
765 1971 842 1995 cau-

86 2006 124 2042 sa
136 2007 263 2043 divinis
278 2005 432 2043 interesse
447 2008 603 2054 nequivit
625 2018 685 2052 per
699 2016 787 2043 text.
805 2006 841 2042 in

88 2057 222 2102 cap-ad
247 2057 456 2092 audientiam
470 2056 510 2092 de
539 2056 657 2091 cleric.
683 2069 748 2092 non
766 2054 842 2097 refi-

88 2102 180 2141 dent.
198 2115 272 2150 cap.
288 2104 372 2138 unic.
399 2104 468 2139 eod.
485 2105 543 2138 tit.
561 2105 595 2138 in
611 2103 646 2137 6.
670 2106 769 2138 immo
784 2114 842 2136 re·-

81 2148 194 2192 solvit
205 2149 457 2186 distributiones
474 2149 587 2185 deberi
613 2149 717 2184 etiam
743 2147 840 2185 infir-

86 2194 151 2229 mis
164 2222 175 2237 ‚
199 2208 243 2240 ex
264 2197 397 2245 propria
421 2197 517 2243 culpa
531 2224 540 2237 ,
568 2195 651 2232 alias
669 2195 760 2234 enim
779 2197 840 2231 ni-

84 2240 154 2276 mis
167 2243 255 2290 rigor
270 2244 350 2280 ess'et
363 2271 372 2285 ,
399 2255 460 2279 nec
479 2243 698 2290 Superiorem
720 2244 840 2287 hujus-

82 2290 176 2324 modi
202 2291 455 2336 inquisitionem
468 2290 576 2327 facere
587 2291 708 2326 debere
718 2291 838 2326 adden-

81 2337 124 2371 do
134 2336 345 2374 afflictionem
359 2339 494 2375 afflictis
507 2365 517 2379 ‚
542 2339 620 2386 quia
635 2338 751 2374 multae
766 2339 837 2385 pos-

79 2382 158 2418 sunt
171 2383 235 2420 effe
250 2386 354 2423 causae
366 2413 377 2426 ,
400 2387 431 2421 &
446 2397 515 2421 non
534 2395 648 2432 turpes
666 2412 676 2425 ,
705 2389 756 2421 ita
774 2388 833 2421 ha-

78 2429 181 2466 betur
194 2435 228 2468 in
237 2435 462 2482 vlysipponen.
478 2444 534 2472 220
548 2434 644 2470 Febr.
657 2439 760 2470 1620·
770 2433 831 2470 lib.

78 2483 216 2515 Decret.
227 2481 293 2523 fol·
310 2492 363 2522 33.

174 2526 418 2564 ALUMNUS
433 2556 442 2570 ,
470 2528 690 2565 ALUMNI.

30 2569 205 2608 Numerus
221 2574 436 2611 alumnorum
451 2579 620 2622 augendus
634 2577 680 2611 est
692 2587 747 2622 pro
761 2588 830 2612 mo·

77 2616 126 2669 dp
136 2620 334 2658 reddituum
358 2625 472 2659 habita
498 2626 630 2660 ratione
658 2633 743 2659 taxa:
779 2635 830 2658 or-

77 2665 217 2702 dinariae
229 2669 398 2706 seminarii
413 2670 448 2717 ξ.
466 2679 559 2707 Duos
574 2673 830 2719 alumnospag.

28 2707 96 2747 Pro
113 2713 275 2750 Alumnis
291 2717 322 2751 in
336 2718 525 2753 Seminario
543 2717 690 2754 Tiburis
706 2728 831 2753 tenen-

73 2769 129 2793 tur
154 2771 269 2798 eorum
286 2775 440 2808 parentes
465 2778 590 2801 cavere
615 2765 647 2800 se
669 2767 830 2802 alimenta

71 2804 240 2850 soluturos
254 2836 263 2848 ,
295 2810 316 2844 fi
331 2811 393 2847 filii
410 2813 472 2848 sine
491 2813 647 2861 Episcopi
663 2814 761 2849 venia
776 2814 826 2850 di-

215 2862 230 2890 ‘l
237 2863 254 2892 'o
259 2870 287 2893 m
292 2880 302 2892 .
307 2865 358 2894 X.
365 2866 388 2896 I.

946 1108 1116 1146 secesserint
1132 1110 1353 1158 Tiburtinap.
1372 1121 1426 1156 13.
1442 1110 1476 1145 in
1492 1112 1632 1157 princip.

900 1158 959 1192 An
977 1168 1132 1203 parentes
1147 1168 1209 1202 pro
1225 1157 1373 1194 alumnis
1388 1158 1448 1204 qui
1471 1170 1540 1195 non
1567 1161 1703 1196 aluntur

944 1215 988 1240 ex
1001 1204 1100 1240 bonis
1114 1204 1296 1240 seminarii
1314 1233 1324 1246 ,
1350 1205 1403 1239 sed
1416 1204 1539 1240 alienis
1564 1216 1703 1242 tenean-

944 1260 1000 1286 tur
1012 1263 1129 1290 eavere
1141 1251 1176 1298 ξ,
1194 1254 1342 1288 ‘Nullum
1351 1251 1411 1298 jus
1422 1261 1459 1299 p.
1475 1263 1523 1299 14.
1538 1254 1570 1288 δι
1583 1256 1702 1291 arctari

939 1297 1025 1344 poss'e
1042 1300 1229 1336 resolutum
1254 1299 1321 1336 fuit
1347 1300 1383 1334 in
1406 1300 1494 1335 dieta
1523 1301 1701 1339 Tiburtina

935 1355 1041 1393 p.15·.
1058 1350 1100 1382 ad
1114 1358 1145 1381 2.
1159 1347 1238 1382 dub·

894 1392 1122 1428 Seminarium
1157 1393 1302 1429 Tiburis
1336 1402 1473 1429 tenetur
1497 1397 1534 1430 ad
1561 1395 1701 1435 formam

945 1440 1183 1477 transactionis
1210 1441 1370 1485 accipere
1384 1469 1394 1482 ‚
1416 1443 1446 1476 &
1465 1445 1610 1479 retinere
1635 1456 1703 1482 tres

946 1488 1101 1524 alumnos
1117 1489 1134 1523 a
1154 1490 1405 1524 communitate
1425 1489 1606 1526 Vicovarii
1632 1505 1701 1528 no-

944 1534 1090 1570 minatos
1106 1537 1188 1571 [bid.
1204 1539 1255 1572 ad.
1278 1548 1309 1570 1.
1322 1537 1400 1572 dub.

1022 1582 1249 1621 ANNATA
1265 1610 1274 1622 ‚
1301 1583 1387 1618 SEU
1408 1582 1570 1622 MEDIA

1179 1631 1328 1669 ANNA
1343 1631 1357 1664 1
1371 1632 1424 1667 A.

895 1675 1122 1713 Beneficiatus
1136 1678 1286 1714 Ecclefiae
1301 1705 1310 1718 ‚
1325 1690 1400 1724 quae
1415 1679 1612 1726 Collegiata
1630 1693 1699 1719 non

942 1726 990 1760 est
1006 1752 1015 1765 ,
1043 1735 1180 1761 tenetur
1202 1738 1244 1761 ex
1272 1725 1436 1761 fructibus
1464 1727 1512 1761 sui
1539 1729 1699 1764 beneficii

943 1773 983 1806 ad
996 1773 1138 1807 mediam
1155 1782 1315 1808 armatam
1340 1785 1399 1818 pro
1415 1773 1544 1808 fabrica
1575 1777 1698 1811 Eccle-

942 1818 993 1855 fiae
1010 1819 1229 1857 cathedralis
1245 1824 1427 1858 ferentina
1454 1825 1572 1859 Meditc
1590 1837 1699 1860 anna-

940 1875 1024 1913 taep.
1043 1877 1096 1901 21.
1111 1873 1153 1904 α’»
1173 1870 1228 1904 26.

1024 1913 1186 1950 APER
1208 1914 1345 1950 lTIO
1384 1914 1552 1953 ORIS.

893 1959 1068 1997 Adversus
1087 1962 1345 1998 transactionem
1361 1975 1424 2009 per
1452 1964 1561 2001 Breve
1576 1966 1697 2004 Ponti-

937 2006 1052 2043 ficium
1065 2008 1263 2049 confirmata
1275 2022 1350 2045 eum
1361 2011 1445 2051 juris
1460 2010 1608 2049 effestum
1618 2027 1696 2061 ope-

936 2064 1034 2090 ratur
1050 2081 1060 2094 ,
1077 2066 1113 2091 ut
1130 2058 1312 2093 transafflo
1327 2058 1426 2092 nullo
1445 2060 1544 2095 modo
1560 2063 1673 2099 valeat
1685 2091 1695 2105 ,

938 2105 970 2138 &
987 2102 1225 2139 descendentes
1241 2105 1408 2140 testatoris
1422 2130 1432 2144 „-
1458 2109 1513 2153 qui
1531 2107 1621 2145 sacra
1641 2124 1696 2146 ce.

938 2149 1061 2185 lebrari
1077 2154 1316 2192 mandaverat,
1344 2163 1528 2190 teneantur
1544 2169 1605 2202 pro
1632 2159 1695 2194 bo.

936 2197 988 2232 nis
1011 2199 1044 2232 in
1077 2199 1299 2234 transactione
1324 2201 1481 2235 obventis
1504 2202 1693 2250 supplere-³

935 2256 1036 2279 onera
1050 2245 1217 2281 missarum
1241 2246 1396 2293 imposita
1423 2248 1693 2287 confraternita-

936 2292 984 2331 ti‚
1010 2304 1085 2327 cum
1101 2294 1201 2328 annui
1222 2295 1373 2331 redditus
1401 2296 1602 2333 haereditans
1629 2311 1692 2336 ex-

933 2341 1054 2375 cedant
1069 2353 1181 2376 annua
1196 2341 1363 2377 missarum
1377 2354 1478 2377 onera
1510 2346 1691 2386 Pistorien.

934 2390 976 2421 ad
992 2398 1019 2421 1.
1041 2399 1072 2422 z.
1090 2394 1131 2425 a*
1150 2399 1180 2428 ς.
1193 2389 1271 2424 dub.
1285 2398 1317 2435 p.
1332 2400 1387 2436 75.

1074 2434 1497 2474 APPL1CAT10.

884 2481 1096 2517 Reddituum
1114 2483 1405 2530 superextantium
1421 2485 1601 2523 Societatis
1615 2489 1690 2526 san-

929 2529 1230 2577 ffiffimifiaeffragii
1245 2535 1277 2566 in
1293 2533 1365 2567 loco
1381 2535 1575 2570 §tronconil'
1591 2540 1689 2574 ‘Nar-

930 2580 1017 2612 m'en.
1036 2578 1175 2620 dimi-fis
1189 2577 1260 2612 fieri
1275 2578 1374 2614 debet
1388 2580 1689 2622 juxtainstitutum

930 2623 1111 2659 Societatis
1129 2628 1300 2665 Nar-nien.
1314 2631 1355 2663 ad
1372 2639 1402 2671 ς.
1418 2629 1553 2677 Dub.p.
1572 2638 1626 2673 25·

1205 2864 1235 2899 L
1262 2877 1281 2900 2
1569 2867 1640 2902 BE-
