2000 3017
246 128 314 177 90
599 100 674 157 ΙΝ
689 104 829 156 DEX
869 99 1503 156 CONCLUSiONUM

279 178 345 213 Vel
376 178 492 223 potius
506 177 644 211 vocatio
657 175 779 209 direcia
795 172 831 207 sn
849 172 887 207 ad
905 172 1016 218 perso-

225 238 285 262 nas
313 225 405 260 illius
426 224 562 258 familiae
582 235 592 261 3
617 233 682 269 quo
700 221 775 255 casu
792 220 936 264 adjectio
952 230 1018 254 no-

227 276 338 307 minus
358 271 495 306 familia„¹
512 282 578 304 non
597 269 657 304 stat
688 268 842 303 taxativc
858 293 866 305 ,
892 267 944 301 sed
958 269 1019 301 de-

227 319 448 355 monstrativa
463 318 502 353 ad
518 316 756 362 designandam
774 316 943 361 originem
957 339 966 353 ,
986 314 1019 348 &

232 365 399 400 familiam
427 367 514 400 unde
541 364 660 399 venire
690 366 832 398 debeant
865 363 889 396 ii
913 387 924 401 ,
962 361 1019 406 qui

230 413 454 459 prxsentandi
471 412 548 446 sunt
562 424 578 445 a
597 412 756 445 Patronis
771 411 855 444 ibid.

279 459 452 504 Expreflio
470 469 582 494 autem
603 455 816 504 cognominis
841 454 947 494 facit,
980 461 1019 489 ut

229 519 340 553 neque
359 518 392 540 in
406 505 586 541 subsidium
609 505 760 551 Cognati
774 504 993 537 admittantur
1008 526 1018 540 ,

229 557 283 590 sed
299 553 362 588 soli
387 554 518 601 Agnati
533 563 618 600 pag.
641 563 695 597 79.
725 550 758 598 ξ.
788 557 945 586 caeterum
962 552 1019 584 ill-2

255 615 337 638 rm(-

224 612 249 651 p
280 649 322 684 Et
335 647 666 692 distinctiotuperius
694 645 837 691 alligata
853 644 893 679 de
919 641 1020 679 fami-

229 696 278 732 lia
294 696 446 731 taxative
460 695 514 730 vel
532 694 793 728 dimonstrative
811 702 953 728 vocata.
972 691 1023 724 lo-

228 757 308 779 cum
341 744 441 777 babet
471 743 528 776 ubi
555 742 659 776 verba
687 739 893 775 fundationis
920 737 1019 772 dubia

227 791 290 826 sint
302 815 312 828 ,
337 789 417 835 quia
432 790 686 833 juspatronatus
701 788 817 821 datum
833 786 871 820 sit
885 784 1022 834 descen·-

225 839 381 873 dentibus
400 849 440 872 ex
454 846 547 872 certa
565 834 720 873 familia;
745 833 837 869 secus
860 843 942 868 vero
955 830 1014 865 ubi

226 886 319 920 clara
336 884 399 918 sint
413 911 421 923 ‚
445 885 476 918 δι
492 892 608 929 aperta
622 909 632 922 ,
659 895 732 929 quie
758 881 844 916 solos
860 883 1014 927 Agnatos

230 932 389 968 admittat
408 932 490 966 ibid.
506 933 597 965 circa
613 934 698 966 med.

359 978 383 1012 F
413 978 444 1013 U
477 978 507 1011 Ν
540 977 575 1011 D
603 977 637 1011 A
660 976 696 1010 T
720 976 754 1011 O
786 975 844 1011 R.

187 1028 361 1063 Fundator
377 1027 512 1071 quando
535 1024 620 1058 nihil
636 1024 731 1058 aliud
755 1023 838 1058 sacit
855 1047 865 1061 ,
889 1032 1022 1067 quam-2

230 1076 318 1109 bona
335 1072 389 1107 sua
403 1071 544 1106 Clerico
559 1095 569 1107 ‚
593 1079 650 1106 aut
665 1070 838 1106 Sacerdoti
853 1070 1021 1114 relinque-

230 1133 269 1157 re
284 1132 360 1154 cum
374 1130 475 1153 onere
491 1118 590 1153 Sacra
606 1118 729 1163 agendi
747 1145 756 1158 ‚
782 1117 903 1162 procul
917 1115 1023 1150 dubio

229 1168 324 1214 pium
351 1166 501 1212 legatum
525 1192 533 1205 ,
559 1166 616 1200 vel
632 1164 893 1213 Cappelianiam
921 1164 1023 1198 laica-

232 1217 299 1251 lem
314 1214 391 1248 dare
418 1212 573 1248 censetur
593 1240 601 1252 ,
628 1225 697 1248 non
721 1212 929 1248 Beneficium
952 1209 1021 1244 Ec-

232 1261 457 1298 clesiasticum
482 1258 666 1308 fundarep.
681 1259 952 1306 56.§.A11ditus
965 1280 976 1290 ·

286 1309 400 1354 quue
429 1307 612 1349 ampliussi
640 1308 813 1343 Fundator
842 1316 1026 1351 numquam

233 1356 428 1393 nominavit
441 1354 693 1397 dispositionem
709 1357 800 1390 suam
814 1355 853 1388 de
866 1354 929 1389 hac
938 1352 1027 1398 Cap-

234 1403 387 1451 pellania
404 1401 610 1437 Beneficium
627 1401 889 1438 Ecclesiasticum
909 1401 989 1437 ibid.

286 1450 426 1495 Amplia
443 1448 463 1482 si
482 1451 655 1486 Fundator
670 1449 868 1486 consensum
882 1475 890 1487 ,
917 1450 947 1482 &
964 1458 1024 1481 au-

237 1497 437 1533 {toritatem
457 1496 616 1544 Episcopi
643 1498 674 1533 in
690 1497 855 1532 ereuione
873 1494 1028 1541 Cappel-

238 1545 339 1581 laniae
366 1557 435 1580 non
453 1543 630 1591 requisivit
644 1571 652 1584 2
680 1545 733 1580 sed
750 1544 844 1579 illam
862 1544 935 1585 iure
949 1553 1026 1587 pro-

238 1594 315 1639 prio
337 1591 446 1627 facere
473 1592 653 1630 voluerim
678 1604 743 1638 quo
768 1602 844 1625 casu
863 1591 911 1624 nil
937 1589 1031 1623 aliud

240 1641 275 1675 in
293 1649 406 1673 mente
435 1642 554 1673 babere
574 1641 685 1684 potuit
705 1667 714 1680 ‚
741 1650 839 1684 quam
859 1636 1030 1672 fundatio-

241 1698 319 1721 nem
349 1686 506 1730 simplicis
523 1686 756 1732 Cappellaniae
775 1713 783 1725 ‚
812 1685 923 1730 piique
940 1686 1031 1729 lega-

241 1735 273 1768 ti
290 1761 299 1773 ‚
326 1733 418 1778 quod
434 1733 501 1767 sine
526 1734 685 1768 consensu
702 1761 711 1773 ,
743 1735 772 1767 δι
796 1733 1032 1768 ammirati-..v

250 1780 401 1826 Episcopi
426 1790 562 1826 poterat
587 1780 850 1827 consisterepag.
869 1785 925 1820 56.
951 1777 983 1825 §.
999 1780 1034 1813 Id

247 1829 367 1876 istslssfflo

295 1874 336 1909 Et
351 1875 372 1909 si
403 1874 627 1920 Cappellanis
646 1902 655 1916 ,
682 1875 736 1910 vel
757 1875 834 1909 illos
860 1873 1036 1909 nominan-

253 1922 342 1957 tibus
371 1924 499 1957 nullam
524 1923 771 1969 obligationem
788 1947 796 1960 ‚
823 1933 878 1955 aut
897 1920 1036 1956 necesti-

246 1979 353 2005 tatem
378 1969 581 2014 imposuerit
609 1969 752 2014 petendi
791 1970 1036 2003 institutionem

250 2017 294 2050 ab
313 2017 476 2062 Episcopo
491 2043 499 2054 ‚
528 2018 620 2061 quod
636 2017 789 2063 explicat
805 2026 950 2050 mentem
965 2015 1036 2048 Te-

249 2063 385 2098 statoris
403 2062 497 2098 fuisse
513 2088 523 2101 ,
550 2072 586 2096 ut
612 2063 752 2109 simplex
765 2075 846 2107 opus
863 2066 954 2108 pium
970 2089 979 2101 ‚
1004 2064 1037 2096 3<

250 2110 484 2157 Cappellania
497 2109 628 2146 laicalis
643 2111 964 2147 instituereturibid.
975 2112 1041 2145 cir-

254 2172 293 2193 ca
302 2168 365 2198 jin·

301 2204 469 2239 Similiter
496 2205 517 2238 si
538 2204 666 2246 jusserit
694 2215 731 2240 ut
750 2205 916 2242 nominari
940 2205 1041 2238 debe-

252 2262 303 2286 ret
330 2263 427 2297 inops
449 2251 628 2292 Clericus,
660 2253 882 2300 volueritque
900 2278 910 2291 ‚
939 2261 975 2287 ut
998 2263 1038 2286 ex

253 2298 411 2333 frustibus
427 2299 523 2339 liuius
541 2300 777 2345 Cappellaniae
790 2300 1039 2335 Patrimonium

253 2346 392 2380 Sacrum
405 2347 563 2382 constitui
584 2347 710 2391 posset;
731 2348 824 2383 Cum
851 2348 939 2381 enim
956 2346 1041 2380 titu-

255 2393 306 2427 lus
333 2394 537 2436 patrimonii
566 2395 701 2440 proprie
732 2396 917 2430 conveniat
945 2393 1043 2428 bonis

258 2440 460 2478 laicalibus,
488 2442 519 2475 &
550 2442 698 2477 indutiius
730 2443 767 2477 sit
792 2442 918 2477 defeetu
946 2441 1043 2475 tituli

259 2485 465 2520 beneficialis
484 2514 493 2527 ,
520 2489 585 2522 dici
612 2490 729 2535 nequit
754 2488 959 2525 Beneficium
976 2486 1042 2521 Ec-

258 2532 478 2583 clesiallicuin
492 2545 574 2580 pag.
588 2538 642 2579 56.
659 2537 811 2584 cumseq.
827 2537 860 2583 ᾧ.
879 2537 992 2571 Aliud
1011 2562 1018 2569 .

310 2581 351 2630 Et·
374 2581 446 2613 ideo
472 2580 720 2625 Cappellania,
745 2597 818 2630 quae
845 2595 911 2630 pro
938 2582 1044 2627 patri-

263 2638 376 2661 monio
390 2626 485 2661 sacro
499 2627 679 2663 constituta
695 2630 781 2669 fuit,
809 2630 940 2666 laicalis
962 2641 1045 2664 cen-

267 2675 367 2709 senda
382 2674 427 2707 est
441 2674 512 2709 ibid
546 2679 635 2710 circa
655 2681 737 2711 med.

310 2721 410 2770 idque
436 2721 617 2768 colligitur
640 2724 743 2758 etiam
759 2736 800 2760 ex
824 2724 1046 2770 privatione,

1114 172 1147 206 ὃ(
1162 169 1355 206 remotione
1365 168 1575 215 Cappellani
1589 195 1599 209 ,
1613 169 1671 204 nili
1686 170 1828 216 impleto
1846 170 1902 206 vi·
1914 185 1924 189 >

1115 218 1240 264 gesimo
1254 227 1373 262 quinto
1403 216 1515 251 „matis
1541 227 1629 250 anno
1657 218 1697 251 ad
1730 218 1900 253 Sacerdo-

1115 266 1202 300 tium
1217 263 1433 301 ascenderit3
1459 272 1587 298 naturae
1612 262 1770 309 siquidem
1797 264 1907 300 Bene-

1115 313 1185 348 ficii
1214 309 1430 347 Ecclesiastici
1459 311 1583 345 direue
1611 310 1805 347 adversatur
1831 313 1903 348 haec

1116 361 1276 397 remotio,
1295 361 1324 392 &
1345 357 1497 403 privatio
1510 382 1522 395 ‚
1547 370 1619 402 quae
1633 358 1797 393 monstrat
1811 359 1905 395 Fun-

1114 411 1264 443 datorem
1289 417 1355 439 non
1380 402 1587 440 Beneficium
1611 405 1876 441 Ecciefiasticum
1891 435 1902 448 ‚

1117 455 1170 490 sed
1197 453 1470 498 Cappellaiiiam'
1488 451 1643 486 laicalem
1667 453 1720 487 ciii
1746 455 1908 490 convenit

1119 500 1355 536 amovibilitas
1369 525 1379 538 ‚
1413 499 1550 534 fundare
1564 499 1710 537 voluisse
1734 500 1818 537 ibid.
1835 504 1906 537 cir-

1118 563 1155 585 ea
1166 553 1226 589 fin.

1165 596 1208 630 Et
1233 607 1274 630 ex
1292 595 1422 630 defectu
1436 596 1616 631 erectionis
1632 594 1780 631 formalis
1803 595 1905 638 huius

1118 643 1349 689 Cappellanise
1376 654 1561 688 numquam
1590 643 1684 679 factae
1702 645 1742 678 ab
1765 643 1907 688 Episco-

1119 703 1164 738 po
1181 703 1190 728 ;
1215 702 1291 724 cum
1308 690 1475 735 explorati
1494 691 1579 734 juris
1593 691 1632 726 fit
1656 692 1906 738 Cappellani'as

1116 750 1135 772 a
1156 736 1395 771 Testatoribus
1413 737 1581 773 institutas
1602 738 1763 774 Beneficii
1783 737 1905 773 Eccle-

1118 783 1235 819 siastici
1249 794 1404 818 naturam
1421 795 1491 819 non
1517 785 1681 832 suscipere
1708 813 1718 826 ,
1752 784 1811 820 nisi
1825 796 1904 820 cum

1113 830 1308 878 Episcopali
1324 830 1527 865 auctoritaie
1542 834 1718 878 erigantur
1734 858 1743 871 ,
1768 833 1800 867 δι
1818 832 1901 877 Epi—

1112 879 1233 925 scopus
1259 878 1428 923 approbet
1446 880 1538 923 paCta
1560 905 1570 918 ,
1595 881 1627 913 &
1656 880 1868 914 conditiones
1889 906 1900 920 ,

1115 940 1186 974 quae
1205 939 1223 960 a
1236 925 1477 960 Testatoribus
1495 951 1505 965 ,
1532 926 1564 961 δι
1581 926 1829 961 Fundatoribus
1846 937 1904 970 ap-

1119 974 1222 1021 posita
1247 972 1376 1008 suerint
1398 981 1480 1021 pag.
1508 984 1563 1021 57.
1586 981 1613 1015 ς.
1636 973 1851 1017 Manifestum
1871 976 1906 1011 in

1143 1035 1224 1057 rinc.

1114 1033 1138 1070 p
1168 1068 1301 1104 Pariter
1326 1080 1449 1103 nomen
1476 1071 1639 1117 Cappellae
1665 1080 1683 1104 a
1709 1069 1907 1105 Fundatore

1121 1116 1273 1151 adbitum
1288 1115 1441 1150 excludit
1465 1119 1583 1163 potius
1607 1115 1815 1165 qualitatem
1840 1116 1909 1151 Be-

1120 1162 1236 1198 neficii
1262 1161 1482 1198 Ecclesiastici
1508 1176 1519 1201 3
1559 1175 1635 1199 cum
1667 1163 1909 1210 Cappellaniae:

1120 1212 1250 1258 proprie
1266 1211 1404 1255 sumpta:
1419 1235 1430 1250 ,
1443 1221 1510 1244 non
1524 1211 1583 1245 sint
1600 1211 1774 1246 Beneficia
1787 1210 1914 1246 Eccle-

1123 1258 1292 1304 siasticap.
1315 1267 1356 1302 57
1382 1265 1406 1294 §.
1427 1258 1644 1302 Manifestum
1657 1261 1747 1294 circa
1775 1260 1860 1294 med.

1171 1306 1307 1340 Nomen
1335 1314 1420 1339 vcro
1438 1307 1719 1349 Pr.‹{fe271tationis
1736 1316 1803 1340 non
1832 1303 1928 1339 satis'

1124 1352 1168 1388 est
1181 1354 1220 1388 ad
1237 1350 1501 1387 Ecclesiasticum
1528 1349 1738 1393 Beneficium
1762 1350 1915 1386 necessa-

1121 1401 1175 1436 rio
1192 1398 1452 1444 designandum.
1479 1411 1558 1433 cum
1572 1400 1762 1446 promiscue
1781 1410 1842 1446 pro
1855 1412 1914 1434 no-

1123 1450 1307 1484 minatione
1328 1473 1337 1486 ,
1363 1451 1404 1483 &
1428 1449 1594 1482 erebiiime
1619 1446 1832 1493 accipiatur;
1861 1445 1914 1480 id-

1125 1506 1231 1542 eoque
1258 1493 1526 1540 utiequivocum
1550 1493 1640 1530 nihil
1658 1496 1702 1529 ad
1729 1505 1799 1528 rem
1825 1503 1913 1528 con-

1126 1542 1236 1579 cludit
1250 1543 1330 1578 ibid.

1173 1589 1377 1635 Designatio
1389 1589 1541 1637 denique
1562 1590 1691 1625 Altaris
1709 1596 1775 1623 non
1802 1587 1883 1622 facit
1898 1612 1911 1626 .

1128 1648 1166 1673 ut
1181 1636 1408 1682 Cappellania
1421 1635 1625 1673 Beneficium
1639 1633 1913 1680 5Ecc1esiasticum

1128 1684 1200 1719 dici
1220 1685 1315 1730 poffit
1330 1684 1412 1719 ibid.
1427 1686 1527 1726 infin.

1081 1731 1293 1767 Erefflonem
1318 1731 1598 1775 jurispatronatus
1619 1732 1737 1766 saetam
1766 1741 1784 1763 a
1809 1727 1907 1763 Fun-

1130 1779 1252 1814 datore
1266 1790 1340 1814 cum
1357 1778 1586 1813 reservatione
1602 1806 1611 1817 ,
1635 1778 1725 1824 quod
1749 1775 1826 1812 casu
1844 1786 1914 1820 quo

1133 1827 1245 1861 nullus
1260 1838 1299 1860 ex
1322 1824 1386 1859 suis
1402 1825 1544 1861 Vocatis
1559 1826 1638 1861 esset
1657 1852 1666 1865 ,
1693 1825 1749 1872 qui
1774 1823 1917 1858 clerica·

1131 1886 1167 1909 re
1195 1874 1301 1909 vellet
1318 1898 1328 1911 ,
1354 1871 1458 1918 posset
1483 1872 1648 1909 Patronus
1673 1872 1800 1907 fructus
1824 1868 1918 1911 eius-

1134 1923 1206 1956 dem
1221 1920 1504 1965 jurispatronatus
1522 1921 1693 1966 percipere
1707 1944 1717 1958 ,
1742 1919 1774 1953 &
1789 1917 1915 1951 Sacro·

1135 1980 1209 2004 rum
1225 1968 1319 2003 oneri
1335 1977 1393 2011 pei·
1411 1967 1516 2002 alium
1543 1967 1740 2002 satisfacere
1754 1991 1764 2004 ,
1788 1962 1917 1999 rescri-

1137 2025 1232 2062 ptum
1255 2014 1320 2049 fuit
1334 2016 1399 2048 esse
1421 2025 1539 2049 verum
1560 2013 1791 2050 Beneficium,
1816 2022 1918 2045 non..

1137 2073 1223 2097 vero
1240 2063 1388 2108 legatum
1404 2061 1498 2107 pium
1515 2060 1639 2097 laicale
1654 2088 1663 2100 ‚
1691 2061 1737 2094 ita
1750 2068 1862 2094 tamen
1880 2064 1919 2091 ut

1136 2109 1221 2144 faeta
1237 2120 1294 2154 per
1317 2108 1502 2142 Patronum
1531 2107 1789 2144 renunciatione
1806 2104 1920 2138 Bene-

1135 2156 1205 2191 ficii
1221 2184 1230 2196 ,
1256 2157 1286 2191 &
1302 2154 1640 2194 Clericatus‚fructus
1658 2154 1741 2198 juris
1759 2161 1917 2198 patrona-

1137 2213 1190 2238 tus
1229 2202 1419 2250 perciperet
1455 2202 1697 2248 Sacrorumque
1727 2200 1821 2235 oneri
1858 2206 1918 2245 per

1135 2252 1241 2285 alium
1270 2249 1475 2285 satisfaceret
1495 2252 1530 2285 in
1557 2250 1756 2297 senogalien
1778 2247 1918 2295 cappel-

1136 2311 1196 2333 Μ
1209 2297 1371 2380 {ditus
1397 2343 1462 2379 ET
1488 2342 1807 2381 FUNCTIONES

1288 2391 1696 2429 CONVENTUALES
1714 2420 1723 2429 .

1092 2439 1379 2491 Archipresbyter
1394 2467 1403 2475 ,
1429 2441 1462 2476 8<
1477 2439 1672 2487 Presbyteri
1696 2438 1794 2476 Cleri
1818 2437 1921 2473 saecu-

1140 2487 1218 2521 laris
1236 2487 1354 2532 Dungi
1373 2498 1541 2532 nequeunt
1568 2488 1742 2532 prohibere
1754 2485 1820 2521 PP.
1844 2485 1919 2519 Re-

1140 2534 1292 2568 formatis
1305 2534 1475 2570 celebrare
1492 2535 1610 2571 Missas
1624 2562 1633 2575 ,
1660 2533 1811 2579 aliasque
1827 2531 1920 2565 Con-

1141 2582 1320 2615 ventuales
1340 2581 1526 2618 fun-{tiones
1548 2584 1650 2617 etiam
1674 2592 1750 2615 cum
1767 2590 1922 2626 praevcn-

1141 2629 1214 2662 tivo
1239 2639 1481 2674 campanarum
1505 2629 1613 2664 i'onitu
1630 2639 1791 2674 peragere
1813 2635 1892 2661 ante
1911 2650 1939 2669 ,ἶ

1141 2677 1194 2709 vel
1212 2676 1245 2708 in
1259 2677 1333 2710 astu
1347 2677 1583 2711 celebrationis
1596 2675 1707 2711 Miss'ae
1723 2673 1924 2711 Parrochia·'

1141 2722 1232 2759 lisin
1262 2729 1387 2761 Comen.
1414 2730 1575 2762 Funerum
1591 2749 1602 2764 ,
1626 2732 1669 2762 (7-
1700 2725 1919 2763 Faustianum

1794 2774 1875 2805 Con-
