1977 3028
600 100 1266 176 ETRasoLurtoNuM.

305 173 385 202 AD
403 170 445 201 N
458 173 483 203 Ο
497 173 613 205 TAT
623 178 639 205 I
653 181 678 209 O
694 203 702 210 .

107 213 292 252 Difformis
308 215 352 250 est
367 214 532 251 resolutio
546 217 650 255 Sacrae
666 221 913 270 Songregatio-

147 263 203 299 nis
219 262 365 298 Rituum
379 262 397 297 ὲ
411 261 622 306 resolutione
638 269 745 305 Sacrae
757 270 911 318 Congre-

147 310 297 356 gationis
308 309 488 349 Concilii;
517 312 583 347 iila
598 314 688 349 enim
706 328 768 362 pro
780 320 909 363 populo

148 356 285 392 distanti
310 356 329 390 ἐι
352 357 520 392 parochia
544 362 703 397 concedit
718 365 792 406 ejus
807 365 910 414 Cap-

144 405 285 451 pellano
303 403 485 443 facultates
511 407 761 446 administrandi
787 412 908 448 Sacra-

143 461 261 487 menta
276 451 384 492 etiam
410 461 565 499 tempore
590 454 762 492 Paschatis
784 471 795 497 ς
822 461 907 496 Haec

141 507 275 544 tempus
289 494 459 534 paschatis
471 500 600 547 excipit
614 529 624 543 ,
652 513 688 538 ut
712 506 825 541 videre
840 520 903 552 po—

142 547 229 587 ter-is
243 544 279 580 in
304 544 403 583 dictis
423 546 553 583 duabus
577 551 692 597 primis
716 552 902 594 resolutio-

139 592 242 632 nibus
256 621 264 629 .
403 630 405 632 ,
578 601 580 603 ’

91 639 145 681 At
156 651 310 689 quaeres,
334 651 439 688 quare
454 642 489 683 in
513 645 629 680 eadem
649 646 742 683 Urbe
764 648 871 685 Roma
887 675 897 691 ,

134 688 168 728 ἃ
183 686 245 723 sub
259 688 383 724 eodem
395 689 561 739 Principe
576 692 729 732 Ecclesi.e
744 695 793 731 ita
819 699 895 733 dif-

132 734 262 773 formes
286 734 464 778 sententiae
482 737 498 773 ,²
527 739 735 786 Respondeo
761 769 772 782 ,
796 746 891 791 quod

129 781 228 822 sacra
262 782 499 830 congregatio
528 786 675 827 Rittium
710 792 892 835 ampliores

128 829 292 865 concedit
306 831 490 873 facultates
506 834 647 881 inspecta
673 837 887 882 dispositione

125 875 211 917 iuris
228 879 444 921 communis,
467 892 546 917 nam
560 882 646 925 nihil
660 883 822 926 interest*³
844 899 886 922 an

123 921 301 966 Parochus
314 937 383 974 pet·
397 926 429 970 se
444 954 455 968 ,
481 930 538 964 vei
555 941 618 977 per
636 930 742 967 alium
769 934 884 971 officio

121 968 271 1009 Pastoris
283 976 440 1020 tempore
456 975 634 1013 Paschatis
658 979 883 1028 perfungatur

120 1027 166 1052 ex
180 1020 300 1065 regula
315 1020 405 1067 juris
416 1021 591 1060 canonici
605 1052 615 1065 ,
632 1028 690 1071 qui
705 1040 763 1073 per
776 1030 882 1066 alium

119 1061 209 1100 facit
222 1090 234 1105 ,
258 1077 320 1113 per
334 1067 441 1114 ipsum
453 1068 568 1114 facere
582 1073 721 1109 videtur
736 1082 811 1124 Cap.
820 1086 883 1124 po-

115 1111 183 1152 test'
192 1115 232 1149 de
242 1125 316 1160 reg.
325 1115 393 1159 jur.
409 1119 445 1153 in
455 1123 491 1153 6.
503 1119 529 1153 E
543 1129 663 1155 contra
676 1121 769 1161 sacra
783 1125 879 1159 Con-

114 1159 277 1205 gregatio
292 1162 449 1201 Concilii
463 1167 608 1208 adhaeret
637 1168 772 1206 decreto
794 1169 874 1206 Tri·

111 1205 277 1247 demini,
302 1219 370 1255 quo
396 1221 539 1255 cavetur
560 1224 736 1262 praecepto
754 1218 876 1260 divino

112 1252 310 1292 mandatum
323 1255 390 1292 ess'e
402 1258 561 1302 omnibus
574 1286 586 1299 ,
607 1263 726 1308 quibus
739 1266 875 1301 anima-

110 1309 187 1336 rum
203 1311 284 1337 cura
298 1305 471 1340 commissa
487 1306 533 1343 est
545 1320 627 1345 oves
655 1311 729 1346 suas
757 1324 873 1360 agno-

107 1346 204 1383 scere
217 1374 228 1395 ,
257 1348 461 1388 sacrificium
485 1366 547 1401 pro
579 1357 630 1392 bis
657 1357 779 1402 offerre
804 1387 814 1403 ‚
839 1362 871 1396 &

106 1393 401 1437 administratione
412 1400 699 1441 sacramentorum
713 1408 863 1454 pascere,

108 1440 159 1477 ita
173 1442 320 1479 habetur
332 1448 367 1483 in
387 1459 462 1493 cap.
476 1460 504 1486 ι.
515 1451 593 1495 sesti·
606 1462 659 1493 23.
675 1453 773 1490 Unde
792 1467 864 1490 me-

105 1488 179 1524 rito
194 1490 294 1534 Sacra
312 1492 546 1542 Congregatio
559 1498 716 1542 Concilii
731 1511 862 1550 tempus

103 1534 269 1573 Paschale
295 1541 429 1587 excipit
442 1568 454 1590 ‚
479 1554 517 1579 ut
542 1546 711 1583 Parochus
735 1561 800 1595 per
829 1550 861 1586 se

75 1602 78 1604 —
100 1582 176 1619 suas
185 1587 269 1621 oties
281 1588 445 1633 agnoscat
458 1617 469 1630 ‚
493 1591 525 1627 &
540 1593 650 1638 pascat
666 1621 675 1633 ‚
691 1597 787 1642 quod
802 1599 861 1632 Sa-

99 1642 157 1666 cra
172 1632 409 1679 Congregatio
417 1635 566 1674 Rituum
580 1643 763 1686 procedens
780 1656 862 1688 pro-

96 1686 137 1713 ut
150 1678 193 1714 de
212 1679 283 1722 iure
299 1691 368 1717 non
387 1683 573 1721 considerat
589 1702 599 1721 ε
625 1689 675 1724 Eri
692 1690 759 1725 tibi
786 1690 859 1726 dis-

96 1724 224 1770 paritas
240 1753 249 1765 ,
261 1739 336 1776 quae
344 1730 430 1766 mihi
444 1731 594 1775 juridica
612 1736 858 1782 videturjuxta

97 1772 262 1818 praedicta
276 1780 287 1818 -,

278 2015 319 2051 D
343 2014 369 2051 E
395 2016 427 2053 C
453 2019 468 2059 I
495 2018 537 2055 M
560 2021 605 2057 JE
622 2049 631 2058 .

38 2058 121 2141 C
137 2058 289 2102 Onceffae
303 2063 322 2098 a
338 2064 485 2104 Summis
503 2066 732 2108 Pontificibus
759 2072 849 2120 Epi-

108 2141 111 2142 ⁷
146 2107 247 2155 scopo
263 2137 272 2149 ‚
299 2110 514 2159 &Capitulo
540 2116 766 2156 Cathedralis
781 2122 850 2157 Ec-

84 2153 192 2196 ciefiae
207 2157 519 2198 Albintimilienfis
533 2169 670 2209 quando
686 2166 846 2221 sint-exi-

78 2201 466 2301 ffssi‘gfftissii’ssffffi
478 2211 846 2308 {offiiissssiazsszsss

77 2294 112 2345 ὃς
124 2295 193 2334 alia
206 2298 278 2336 loca
303 2302 401 2345 juxta
426 2305 707 2348 consuetudinem
736 2311 839 2352 latius

76 2341 261 2386 discutitur
275 2351 310 2385 in
330 2350 609 2392 Albintimilien.
622 2359 757 2394 unionis
775 2361 837 2396 de-

74 2390 242 2431 cimarum
262 2406 304 2443 p.
320 2407 351 2438 3.
370 2398 403 2439 &
426 2400 614 2439 resolvitur
638 2405 835 2450 negative..

67 2439 178 2482 quoad
192 2441 336 2484 primam
354 2456 484 2491 partem
499 2475 510 2488 ‚
541 2452 572 2487 δι
591 2450 832 2492 affirmative..-

67 2487 177 2530 qtmad
188 2487 373 2532 secundam
399 2496 679 2536 Albintimilien.
692 2505 829 2542 unionis

77 2531 281 2577 decimarum
289 2547 328 2585 p.
343 2552 376 2582 9.
393 2546 437 2578 &¹
453 2546 510 2583 36.

21 2573 108 2614 RR.
121 2578 317 2629 PR„Tet;tii
333 2587 479 2629 Ordinis
490 2592 706 2637 8.Francisci,
718 2598 750 2632 &
765 2597 834 2635 alia

68 2622 145 2664 loca
161 2628 214 2672 Dia
228 2640 325 2678 ,terrae
339 2634 456 2673 Maffae
470 2650 536 2674 non
551 2650 716 2680 tenentur
730 2645 826 2682 deci—

67 2681 139 2712 mas
150 2674 283 2722 solvere
299 2682 453 2720 Ecclesiae
478 2686 670 2727 I'arochiali
697 2696 825 2733 Tuder.

61 2720 137 2759 tina
150 2725 406 2779 decimarump.
426 2745 481 2768 ιο.

1167 194 1249 222 ΛΒ
1268 191 1310 221 N
1325 195 1350 224 O
1367 193 1540 229 TATIO
1556 219 1567 231 .
1755 161 1776 199 7

965 228 1031 269 Pro
1047 230 1109 266 hac
1138 232 1363 277 resolutione,
1392 250 1468 284 quae
1485 241 1622 283 justitiae
1653 243 1771 282 inniti-

1010 286 1065 311 tur
1090 304 1099 317 ‚
1132 279 1217 316 solet
1241 281 1389 328 allegari
1414 297 1455 320 ‚ea
1485 288 1566 330 juris
1595 290 1769 330 Canonici

1007 323 1191 363 Conciufio
1206 355 1215 367 ‚
1240 329 1390 365 decimas
1404 332 1557 371 Ecciefiae
1573 337 1765 376 Parochiali

1005 383 1073 405 non
1087 372 1151 408 esse
1168 374 1351 412 solvendas
1370 391 1435 425 pro
1447 381 1529 417 dote
1544 384 1620 419 data
1636 398 1675 421 ex
1692 399 1767 423 cer-

1005 419 1048 453 tis
1076 420 1170 455 bonis
1198 422 1395 462 conventui
1421 430 1628 475 regularium
1644 458 1653 472 ,
1678 435 1764 472 locis

1002 465 1073 502 Piis
1089 479 1165 502 cum
1191 468 1380 515 similibus,
1406 486 1483 512 nam
1511 478 1617 515 levita
1642 481 1761 518 levitae

1001 512 1151 550 decimas
1167 528 1234 553 non
1254 518 1430 569 solvitper
1443 533 1523 560 text
1537 529 1570 562 in
1584 538 1656 574 cup.
1677 539 1707 563 2.
1721 534 1759 567 de

1000 565 1121 597 ciet-im.
1138 577 1212 600 can.
1225 567 1422 611 quessisunt
1443 577 1481 605 16
1503 575 1613 619 quast.
1633 587 1661 611 1.

1189 612 1294 648 DIES
1322 615 1517 655 FESTUS.

945 656 1081 695 Chori,
1106 658 1137 692 &
1153 658 1308 697 Ecclesiae
1328 662 1452 711 incipit
1468 666 1486 699 a
1512 668 1657 714 vesperis
1681 669 1751 710 diei

991 706 1210 750 praecedentis
1223 731 1233 746 ‚
1264 710 1293 742 ὅ(
1308 707 1429 746 finitur
1442 713 1591 759 vesperis
1617 718 1683 752 diei
1699 719 1753 752 se-

989 755 1124 797 quentis
1141 757 1607 806 Forofempronz'en.servitii
1631 767 1728 802 chori
1740 792 1750 809 ,

989 798 1020 832 &
1036 799 1188 836 Ecclesiae
1205 802 1237 846 ᾧ.
1253 810 1322 839 Hoc
1338 804 1420 841 statu
1435 819 1547 844 rerum
1566 820 1605 858 p.
1624 817 1676 848 18.

1165 849 1496 893 DlSPENSATlO
1512 880 1522 890 .

937 889 986 932 Ex
1003 897 1223 934 matrimonio
1250 899 1396 935 nulliter
1420 907 1596 941 contracto
1620 908 1637 943 ὲ
1668 908 1746 945 viro

982 943 1168 988 conjugato
1183 955 1259 979 cum
1275 947 1421 983 muliere
1434 950 1467 984 in
1483 951 1606 988 faciem
1623 956 1743 991 Eccle-

981 986 1034 1023 slae
1049 991 1161 1025 oritur
1187 992 1475 1036 impedimentum
1501 1002 1652 1045 publicae
1679 1005 1745 1037 ho-

980 1035 1119 1071 nestatis
1134 1038 1169 1073 in
1186 1039 1295 1083 primo
1307 1066 1318 1079 ,
1331 1043 1360 1077 8<
1377 1043 1526 1082 secundo
1538 1050 1651 1094 gradu
1667 1063 1743 1086 cum

980 1083 1237 1130 consanguineo
1253 1088 1321 1123 viri
1339 1116 1348 1128 ‚
1374 1090 1466 1126 inter
1488 1105 1584 1139 quem
1601 1098 1633 1131 ὅ(
1663 1110 1742 1134 mu-

978 1130 1098 1165 lierem
1129 1134 1252 1179 absque
1280 1136 1528 1181 dispensatione
1556 1146 1740 1180 matrimo-

977 1178 1071 1212 nium
1087 1181 1243 1215 contrahi
1260 1194 1325 1218 non
1341 1186 1450 1229 potest
1464 1192 1650 1229 Valentina
1670 1196 1739 1237 dis-

970 1227 1184 1272 pensationis
1193 1241 1230 1276 p.
1251 1239 1305 1266 22.

926 1272 986 1314 An
1018 1283 1187 1317 promotus
1216 1277 1255 1311 ad
1282 1279 1440 1317 ordinem
1466 1282 1735 1328 subdiaconatus

971 1320 1142 1365 pervim,
1168 1324 1202 1358 S<
1230 1335 1364 1362 metum
1392 1332 1570 1367 cadentem
1599 1336 1632 1369 in
1655 1348 1734 1371 con-

969 1367 1112 1403 stantem
1130 1372 1239 1405 virum
1266 1372 1448 1419 dispensari
1476 1379 1626 1418 debeata
1646 1394 1733 1421 voto

965 1415 1192 1452 continentia:
1208 1421 1384 1459 Bishntina
1399 1427 1661 1474 disspensatiwiis
1692 1444 1731 1479 p.

964 1471 1020 1506 44.
1044 1464 1075 1498 ὅ(
1121 1476 1188 1499 non
1229 1466 1292 1501 effe
1334 1470 1445 1505 locum
1486 1475 1728 1520 dispensationi

960 1510 1158 1555 responsum
1176 1513 1241 1549 fuit
1260 1517 1293 1550 in
1312 1517 1395 1551 diCta
1419 1518 1594 1557 Bisuntina
1624 1538 1645 1571 p
1673 1539 1729 1574 44.

961 1557 992 1590 &
1011 1569 1045 1591 in
1064 1563 1237 1597 Catanien.
1253 1564 1513 1610 dispensationis
1532 1582 1570 1616 p.
1595 1576 1654 1607 66.

914 1602 1138 1650 Dispensatio
1164 1609 1196 1643 ei
1222 1612 1418 1647 conceditur
1434 1641 1443 1654 ,
1468 1617 1526 1662 qui
1547 1618 1580 1652 in
1606 1620 1725 1657 odium

959 1654 1062 1697 patris
1086 1655 1198 1691 emisit
1222 1668 1342 1694 votum
1369 1660 1573 1707 suscipiendi
1602 1667 1723 1704 statum

958 1701 1153 1747 regularem
1193 1707 1430 1755 Neapolitana
1459 1712 1721 1760 dispenſsnionis

978 1760 1034 1784 61¹7.
1046 1759 1105 1790 47·

947 1755 974 1803 p
992 1778 1017 1796 ‘⁵
1083 1796 1505 1840 DisTRissurioNEs
1520 1830 1531 1841 .

905 1841 1104 1882 Canonicus
1132 1845 1293 1892 legitimo
1325 1850 1574 1898 impedimento
1597 1858 1716 1896 deten-

948 1900 1003 1926 tus
1018 1918 1028 1931 ‚
1045 1904 1111 1937 quo
1126 1894 1245 1940 nequit
1259 1896 1363 1932 choro
1395 1898 1553 1936 interesse
1566 1929 1576 1943 ,
1601 1904 1717 1942 lucra-

947 1945 1003 1974 tur
1016 1938 1491 1989 distributionesquotidianas
1502 1953 1646 1989 Tranen.
1661 1958 1716 1991 di.

943 1985 1189 2026 stribntionnm
1199 2000 1236 2037 p.
1252 1993 1309 2033 45.

900 2031 953 2072 At
970 2031 992 2066 st
1013 2034 1189 2072 dubitetur
1211 2038 1249 2072 de
1274 2040 1425 2076 veritate
1450 2042 1711 2092 impedimenti,

947 2091 1015 2124 quo
1043 2082 1240 2119 canonicus
1273 2087 1425 2127 laborat,
1457 2090 1540 2125 solet
1566 2100 1710 2135 concedi

948 2137 1081 2173 tempus
1093 2131 1191 2166 unius
1209 2135 1288 2169 anni
1312 2162 1319 2174 ‚
1348 2146 1406 2170 aut
1421 2135 1542 2173 Bienni
1558 2151 1618 2185 pro
1635 2157 1709 2187 pcr-

943 2174 1110 2258 chiendis
1145 2177 1444 2220 distributionibus
1470 2192 1707 2234 quotidianis,

943 2227 961 2255 Ι
984 2225 1031 2259 id·

1091 2280 1173 2310 AD
1191 2278 1231 2313 ‘N
1245 2283 1270 2311 O
1291 2283 1362 2313 ΤΛ
1380 2284 1434 2314 TI
1447 2288 1471 2316 O
1489 2309 1495 2316 .

891 2317 975 2357 Haec
990 2319 1152 2356 resolutio
1177 2323 1222 2358 est
1245 2324 1392 2366 juridica
1410 2331 1524 2374 quoad
1551 2333 1697 2377 primim

933 2376 1093 2411 partem,
1123 2370 1153 2404 ἃ
1185 2372 1330 2416 prudens
1355 2379 1465 2423 quoad
1496 2377 1702 2423 secundam5

933 2414 973 2448 Et
988 2415 1130 2459 quidem
1146 2417 1294 2459 juridica
1313 2447 1323 2460 ,
1336 2425 1413 2468 quia
1432 2424 1618 2463 Canonico
1634 2429 1702 2465 im-

930 2463 1066 2505 pedito,
1095 2475 1137 2498 ne
1166 2467 1271 2502 choro
1301 2470 1456 2505 interesse
1478 2474 1597 2517 postit,
1632 2478 1700 2511 tri-

930 2509 1004 2544 buit
1016 2511 1068 2553 jus
1084 2513 1296 2559 percipiendi
1311 2518 1530 2564 quotidianas
1541 2521 1699 2560 distribu-

932 2556 1048 2593 tiones
1062 2562 1174 2596 Bum'c.
1195 2565 1233 2598 cie
1254 2564 1373 2601 (leisc.
1405 2580 1466 2602 non
1487 2571 1639 2610 restatur.
1661 2572 1698 2608 in

930 2608 966 2639 6.
981 2605 1131 2641 Prudens
1145 2635 1155 2649 ,
1166 2609 1245 2654 quia
1261 2610 1293 2645 in
1304 2612 1408 2648 dubio
1420 2615 1460 2648 de
1473 2616 1617 2651 veritate
1633 2618 1697 2653 im-

924 2651 1117 2699 pedimenti
1145 2658 1303 2693 concedit
1328 2660 1379 2703 ius
1401 2664 1610 2708 percipiendi
1635 2666 1693 2701 di-

923 2698 1149 2739 stributiones
1167 2705 1381 2750 quotidianas
1394 2710 1434 2744 ad
1458 2721 1582 2745 annum
1597 2739 1606 2751 ,
1634 2712 1691 2749 seu

924 2746 1102 2784 biennium
1135 2776 1145 2789 ,
1170 2763 1247 2787 nam
1279 2757 1427 2800 prudens
1455 2756 1555 2791 intell
1573 2760 1689 2804 gitur,

924 2794 984 2841 qui
998 2806 1067 2832 non
1082 2796 1193 2835 solum
1210 2800 1311 2838 habet
1327 2802 1409 2846 juris
1422 2805 1612 2850 peritiam,
1623 2819 1687 2843 ve-
1700 2812 1705 2817 '

1564 2864 1639 2888 rum
