1978 3017
392 144 414 170 6

368 145 388 183 7
507 181 567 220 '1⁶3ae
590 184 674 222 Venss·
709 171 992 217 Confraterm'tati
1007 191 1017 205 ‚
1043 166 1103 210 seu
1124 165 1243 212 potius
1258 160 1304 203 fit
1328 161 1423 196 locus
1445 167 1559 193 eorum
1579 156 1773 197 ¹redithiom'
1796 157 1830 192 in

515 240 551 261 ca
571 240 590 260 u
608 232 685 261 &c-

419 321 475 357 Ad
492 320 516 355 I.
538 318 742 365 Negative3
769 315 802 350 in
819 312 957 359 reliquis
972 308 1145 358 provisum
1160 308 1194 343 in
1209 305 1321 354 primo
1336 329 1347 341 .

41 424 129 467 sess„
144 426 198 457 24·
213 429 242 451 c.
262 426 291 457 19
329 437 332 438 ν
442 411 769 449 EAPOLITANA
789 435 798 450 ,
825 407 911 443 SEU
928 403 1110 441 CASTRI
1143 400 1298 446 MARIS
1323 390 1668 436 MATRIMONII:
1694 388 1826 434 Hospi-

23 473 59 508 a'e
76 470 136 513 ref.
147 471 252 501 Matr,
326 509 331 512 μ
450 462 535 495 tium
551 460 702 506 Neapoli
724 457 901 492 exercebat
929 454 1010 488 vilis
1038 451 1200 488 foemina,
1226 459 1331 494 quaea
1353 448 1432 487 viro
1454 443 1638 479 diverterat
1653 466 1662 481 ‚
1690 435 1828 479 Beatrix

376 509 578 555 Bergantina
594 535 604 548 ‚
635 507 806 550 filiamque
825 504 860 537 iu
888 514 927 537 eo
952 501 1060 536 secum
1086 498 1252 534 retinebat
1274 494 1445 541 Angelam
1462 487 1618 526 Arimoli
1635 514 1646 528 ‚
1669 494 1768 532 quam
1788 494 1832 518 ex

375 558 493 602 primis
509 555 638 599 nuptiis
665 552 877 594 susceperat,
901 558 1039 596 quaeque
1062 558 1131 583 non
1156 543 1228 580 levi
1248 540 1466 579 inhonestatis
1481 536 1672 582 suspicione
1698 532 1836 567 labera-

376 605 461 641 bat.
491 603 609 647 Excipi
636 602 785 636 solebant
802 599 837 633 in
864 598 929 632 hoc
956 594 1115 638 Hospitio
1132 590 1336 627 Laurentius
1359 586 1538 633 Giordano
1551 610 1560 622 ‚
1591 582 1621 617 &
1652 579 1837 625 ,Philippus

378 653 451 695 ejus
464 647 555 685 filius
569 648 694 695 viginti
719 657 883 681 annorum
895 642 1089 679 adolescens
1106 668 1115 681 ,
1140 638 1278 675 honesto
1303 638 1379 673 loco
1394 635 1466 671 nati
1491 633 1527 668 in
1544 629 1702 669 Civitate
1724 623 1836 667 Cfl'stfa‘i

378 697 510 736 Maris,
537 696 568 731 &
587 697 717 731 divites
733 719 740 731 ,
772 694 830 740 qui
863 689 1109 738 negociationis
1136 687 1234 723 causa
1257 683 1444 731 Neapolim
1470 680 1667 725 frequenter
1689 672 1838 720 appelle-

379 748 461 781 bant
475 768 486 778 .
511 743 621 785 Hujus
640 740 876 786 hospitationis
890 737 1062 773 occasione
1076 736 1223 782 plurima
1240 730 1472 769 familiaritate
1486 722 1662 767 ,conjuncti
1676 722 1751 757 sunt
1764 718 1840 759 Phi—

379 793 493 839 lippus
508 818 517 830 ,
542 792 573 826 &
588 789 727 836 Angela
750 814 757 825 ,
772 787 861 832 quod
875 785 964 831 spem
977 784 1097 826 injecit
1110 780 1258 815 Beatrici
1273 778 1372 813 matri
1385 775 1457 811 fore
1471 800 1481 814 ,
1505 781 1544 808 ut
1554 772 1592 806 hi
1609 778 1762 804 amantes
1773 778 1842 801 nu-

378 841 521 875 berent.
549 837 640 871 Cum
657 846 767 870 tamen
796 833 905 881 probe
922 831 1073 866 nosceret
1098 828 1235 871 difficile
1250 827 1281 861 id
1293 824 1379 864 esse,
1402 822 1481 857 fiiis
1496 847 1505 860 ,
1529 818 1652 864 quibus
1664 814 1842 856 matrimo-

378 887 435 921 nia
451 884 604 920 contrahi
627 883 760 919 solent,
784 881 890 915 modis
918 891 969 914 res
987 880 1187 913 tractaretur
1201 902 1210 914 ,
1231 875 1270 908 ad
1295 870 1561 912 machinationes
1582 864 1736 898 animum
1755 871 1842 897 con—

377 934 485 968 vertit
506 958 516 971 ,
545 931 676 966 suasore
692 956 702 969 ‚
727 928 882 974 socioque
898 922 966 961 doli
987 921 998 967 ⁴,
1023 927 1053 961 &
1069 922 1191 968 fraudis
1214 921 1350 969 hospite
1374 918 1467 956 alie,
1495 910 1696 961 quipariter
1723 908 1844 959 Ange‘·

384 980 451 1015 lam
465 979 659 1026 deperibat,
689 978 794 1012 Fabio
808 974 933 1010 Riccio
948 1001 956 1014 ‚
984 975 1039 1009 cui
1057 974 1124 1007 sese
1143 970 1305 1006 comitem
1321 963 1477 1007 adiunxit
1502 958 1662 996 Nuncius
1690 954 1819 989 Misura
1835 981 1844 989 .

382 1028 436 1062 Re
456 1027 544 1060 inter
564 1026 622 1060 hos
649 1022 836 1070 composita
852 1021 991 1056 Beatrix
1011 1048 1021 1062 ‚
1051 1023 1079 1056 δι
1108 1018 1246 1053 Riccius
1270 1012 1426 1060 Neapoli
1451 1006 1695 1050 discesserunt:
1720 1000 1846 1037 restitit

380 1073 525 1117 Riccius
543 1083 647 1119 prope
666 1071 810 1105 Turrim
827 1070 950 1108 Octavi
968 1094 977 1111 ‚
999 1080 1073 1114 quae
1088 1066 1192 1111 vulgo
1205 1069 1419 1106 nuncupatur
1430 1063 1531 1094 Torre
1543 1055 1598 1091 del
1613 1059 1718 1088 Greco
1732 1075 1742 1088 ,
1760 1047 1846 1090 Bea-

382 1121 451 1155 trix
469 1118 692 1165 praetergressa
706 1116 900 1152 Civitatem
915 1115 1026 1151 Castri
1042 1114 1147 1150 Maris
1166 1110 1267 1155 petiit
1285 1137 1295 1149 ‚
1320 1108 1408 1144 reeta
1427 1113 1567 1151 pergens
1582 1100 1622 1141 ad
1636 1098 1774 1133 domum
1786 1096 1846 1137 Jo-

379 1167 472 1213 sephi
504 1166 722 1212 Scotognello
755 1163 998 1198 barbitonsoris
1019 1191 1025 1196 .
1056 1161 1128 1195 Hic
1143 1158 1254 1195 accito
1283 1155 1464 1199 Philippo,
1484 1147 1633 1190 'Beatrix
1662 1143 1843 1191 precibus,

379 1214 544 1261 lacrymis
563 1240 572 1252 ,
600 1211 776 1255 blanditiis
791 1238 801 1250 ‚
832 1211 861 1244 ὅ(
883 1209 961 1245 filiae
975 1208 1112 1245 nomine
1123 1204 1307 1255 postulavit
1323 1203 1420 1238 abeo
1434 1195 1594 1244 pecunias
1607 1219 1617 1233 ,
1632 1191 1752 1237 quibus
1765 1187 1846 1224 filiae

380 1261 569 1296 neceilitati
583 1260 719 1294 cuidam
733 1284 742 1297 ‚
770 1269 867 1303 quarn
883 1256 981 1291 finxit
998 1283 1008 1297 ‚
1032 1252 1229 1289 o'ccurreret
1241 1279 1249 1291 ,
1275 1258 1393 1296 petens
1407 1246 1568 1283 nimirum
1579 1242 1692 1282 ducat.
1709 1249 1760 1279 50.
1775 1235 1848 1277 Ne-

381 1310 480 1355 gavit
495 1307 669 1352 Philippus
685 1306 844 1351 pecunias
868 1305 898 1338 se
912 1306 989 1339 dare
1005 1301 1092 1348 posse
1113 1327 1123 1341 ,
1145 1312 1221 1335 curn
1235 1298 1326 1334 filius
1346 1292 1490 1331 familias
1514 1289 1596 1333 effer
1612 1314 1617 1321 .
1646 1284 1750 1320 Tunc
1764 1281 1849 1318 Bea—

382 1356 453 1391 trix
471 1354 753 1401 atramentarium
767 1351 908 1398 protulit
923 1376 934 1390 ,
960 1351 1127 1385 calamum
1146 1374 1156 1388 ,
1183 1346 1369 1391 soliumque
1385 1342 1498 1378 album
1514 1337 1695 1377 obsecrans
1711 1329 1849 1378 Philip—

382 1414 462 1454 pum
482 1428 492 1441 ,
521 1409 560 1443 ut
578 1403 612 1434 in
628 1412 669 1435 eo
682 1410 803 1434 nomen
819 1401 912 1433 suum
927 1396 1091 1432 scriberet
1107 1424 1116 1436 ‚
1139 1404 1177 1430 ut
1194 1391 1302 1439 posset
1319 1392 1394 1425 inde
1408 1386 1508 1429 scribi
1525 1384 1652 1430 apocha
1663 1379 1850 1425 obligatio-

334 1499 336 1501 ·
382 1460 434 1485 nis
451 1449 650 1484 ducatorum
669 1458 718 1488 50,
736 1471 747 1485 ,
775 1445 799 1479 si
813 1446 932 1491 aliquis
949 1444 1097 1488 Neapoli
1112 1441 1318 1488 reperiretur
1337 1465 1348 1479 ,
1372 1436 1429 1484 qui
1442 1434 1551 1468 vellet
1567 1440 1640 1465 eam
1664 1425 1850 1474 pecuniam

382 1505 503 1532 mutuo
516 1497 600 1530 dare
617 1522 627 1536 ‚
647 1505 781 1540 unaque
795 1503 934 1538 parvum
950 1490 1044 1526 aliud
1063 1488 1209 1536 protulit
1223 1487 1344 1524 folium
1362 1511 1372 1525 ,
1399 1484 1433 1527 in
1449 1493 1517 1529 quo
1540 1476 1667 1523 scripta
1678 1480 1752 1510 erat
1777 1470 1852 1506 for-

383 1544 478 1579 mula
496 1541 751 1588 subscriptionis
775 1540 933 1585 faciendae
951 1550 968 1573 a
995 1538 1199 1585 Philippa·
1220 1540 1252 1570 Io
1281 1535 1412 1578 Filippo
1443 1528 1612 1564 Giordano
1640 1519 1851 1564 constituifco

384 1592 535 1638 utsupra
555 1618 561 1625 ·
590 1589 725 1634 Captus
744 1587 930 1623 adolescens
946 1585 1087 1623 vafritie
1099 1582 1253 1625 mulieris
1268 1608 1277 1621 ‚
1301 1581 1333 1618 ἃ
1348 1575 1497 1612 nesciens
1514 1573 1550 1609 in
1573 1583 1611 1608 re
1634 1569 1696 1603 illa
1717 1566 1851 1612 subita,

386 1637 467 1690 quid
490 1636 622 1673 COHsllii
635 1646 771 1682 caperet
786 1662 795 1676 ‚
822 1634 942 1679 folium
961 1633 1049 1669 illud
1061 1631 1175 1668 album
1189 1631 1285 1671 iuxta
1300 1623 1482 1660 formulam
1498 1620 1595 1656 illam
1613 1618 1748 1651 incaute
1769 1612 1852 1647 sub-

387 1685 545 1731 scrlpfit;
573 1694 675 1730 atque
692 1683 762 1718 haec
777 1681 938 1718 comaedia
953 1682 1023 1717 aaa
1040 1679 1087 1715 est
1112 1675 1356 1725 speetaioribus
1380 1666 1520 1716 Josepho
1548 1661 1770 1709 Scotognello
1785 1686 1795 1699 ‚
1819 1660 1853 1694 Sc

390 1734 545 1767 Antonia
561 1732 724 1767 Arduino
740 1730 812 1772 ejus
825 1740 932 1765 uxore
947 1754 958 1764 .
1130 1733 1133 1735 ’
1382 1720 1385 1723 ’
1456 1721 1459 1725 ”
1649 1718 1652 1722 ”

344 1781 429 1826 Voti
444 1791 582 1823 compos
606 1778 687 1814 faCta
706 1777 843 1812 Beatrix
861 1777 982 1811 folium
999 1774 1123 1810 detulit
1140 1774 1178 1808 ad
1202 1770 1367 1807 Riccium
1383 1793 1393 1808 ,
1414 1763 1472 1813 qui
1493 1761 1621 1798 exitum
1642 1755 1765 1808 fabulae
1789 1763 1854 1805 eir-

388 1827 567 1873 pectabat,
597 1826 627 1859 ὅ(
652 1827 796 1868 repetito
812 1823 936 1867 itinere
961 1822 1145 1867 Neapolim
1161 1823 1413 1865 pervenerunt,
1441 1811 1502 1847 ubi
1521 1837 1531 1850 ‚
1555 1816 1593 1849 ut
1620 1804 1754 1841 fac-ilius
1769 1800 1853 1852 alli—

388 1881 527 1925 ceretur
539 1872 704 1917 ‘sabellio
728 1872 767 1906 ad
783 1869 1038 1906 extendendum
1052 1869 1086 1902 in
1102 1867 1163 1902 illo
1184 1865 1269 1902 folio
1291 1863 1372 1906 albo
1387 1860 1581 1896 mandatum
1602 1853 1751 1889 Procurae
1767 1847 1852 1882 Phi-

389 1920 537 1972 lippi-ad
552 1918 822 1956 contrahendum
847 1916 1103 1952 matrimonium
1122 1926 1197 1950 cum
1218 1910 1352 1958 Angela
1366 1936 1377 1950 ,
1404 1906 1470 1943 sese
1484 1906 1533 1941 uti
1553 1901 1644 1945 testis
1659 1893 1852 1941 subscripsit

389 1967 535 2019 Riccius
552 1995 561 2008 ,
592 1968 673 2002 licet
687 1966 800 2001 absens
814 1965 895 2000 esset
907 1991 916 2003 ‚
942 1966 1019 2000 dum
1037 1961 1158 1998 folium
1170 1974 1189 1997 a
1203 1960 1362 2003 Philippo
1389 1952 1610 1999 subscriptum
1629 1945 1696 1989 fuit
1711 1970 1721 1984 2
1746 1953 1850 1986 appo-

388 2015 521 2060 suitque
537 2026 661 2050 nomen
678 2014 822 2048 alterius
835 2012 927 2047 testis
943 2012 1085 2058 ⁵Jofephi
1104 2012 1142 2045 de
1158 2008 1295 2055 Angclo
1309 2002 1419 2051 ignoti
1434 1999 1580 2036 hominis
1593 2021 1603 2035 ,
1633 1994 1686 2029 sed
1699 2002 1765 2037 quo
1778 1988 1850 2022 for-

388 2060 469 2096 tasse
490 2062 682 2108 significare
700 2061 815 2097 voluit
831 2059 1011 2105 josephum
1023 2055 1236 2103 Scotognello
1249 2080 1259 2094 ‚
1286 2053 1321 2087 in
1345 2050 1438 2092 cuius
1453 2048 1551 2082 domo
1562 2054 1618 2084 res
1631 2042 1705 2076 asta
1717 2037 1850 2087 fuerat..

391 2109 526 2145 Deerat
539 2108 706 2144 Tabellio
718 2135 728 2148 ,
745 2108 802 2153 qui
817 2108 1012 2142 mandatum
1027 2106 1184 2140 Procurae
1198 2101 1357 2137 scriberet
1373 2097 1408 2132 in
1423 2095 1510 2131 folio
1524 2091 1624 2128 albo:
1653 2084 1767 2132 praesto
1785 2082 1852 2117 fuit

391 2156 556 2191 Nuncius
572 2156 705 2191 Misura
721 2182 730 2195 ‚
752 2156 812 2202 qui
826 2154 857 2190 se
869 2162 1043 2189 convertit
1058 2154 1097 2187 ad
1113 2150 1259 2185 amicum
1273 2144 1440 2193 postulans
1457 2142 1499 2176 ab
1514 2152 1557 2181 co
1571 2164 1580 2177 ‚
1606 2144 1643 2171 ut
1658 2133 1851 2182 mandasstffil

391 2203 433 2236 ad
447 2202 714 2238 contrahendum
729 2201 994 2238 matrimonium
1008 2198 1167 2235 scriberet
1180 2220 1191 2231 .
1215 2194 1369 2240 Negavit
1386 2187 1567 2225 Tabellio,
1592 2181 1682 2229 quod
1701 2178 1851 2222 Philippi

391 2250 584 2284 mandantis
600 2250 714 2284 literas
730 2277 739 2290 ‚
769 2251 799 2284 &
818 2258 956 2284 manum
974 2258 1045 2283 non
1059 2245 1210 2281 nosceret
1227 2269 1238 2283 ‚
1263 2242 1318 2277 sed
1334 2236 1493 2273 Nuncius
1514 2230 1643 2275 Misura
1663 2226 1750 2262 falso
1770 2234 1853 2259 nar-

393 2306 470 2330 rans
480 2306 551 2347 rem
562 2293 628 2331 esse
638 2296 783 2342 periculi
794 2297 931 2343 plenam
944 2319 953 2332 ‚
973 2294 1056 2340 quia
1066 2293 1240 2337 Philippus
1253 2286 1432 2322 Giordano
1442 2277 1544 2323 morti
1559 2276 1732 2325 proximus
1747 2271 1827 2308 esset
1840 2297 1851 2313 ‚

392 2353 503 2395 neque
515 2343 640 2378 diutius
652 2343 905 2378 matrimonium
920 2339 1071 2386 protrahi
1087 2338 1206 2385 poss'et,
1215 2334 1329 2371 testem
1340 2332 1372 2367 se
1387 2328 1524 2368 obtulit,
1536 2324 1623 2373 quod
1637 2321 1759 2367 solium
1775 2318 1852 2354 sub-

393 2388 553 2441 scriptum
566 2386 678 2425 fuiffet
691 2401 791 2425 manu
802 2388 957 2435 Philippi
972 2414 983 2427 ‚
1003 2388 1033 2422 δι
1048 2386 1122 2430 ejus
1136 2385 1201 2420 fide
1215 2379 1375 2417 Tabellio
1389 2376 1580 2412 mandatum
1598 2372 1751 2406 Procurae·
1764 2365 1851 2403 Phi-

393 2436 480 2483 lippi
495 2438 534 2473 ad
547 2438 818 2473 contrahendum
831 2435 1089 2471 matrimonium
1101 2444 1180 2468 cum
1195 2429 1330 2475 Angela
1352 2422 1502 2461 Arimoli
1526 2447 1537 2461 ‚
1558 2417 1744 2455 constituto
1767 2415 1849 2448 Pto·

395 2493 552 2518 curatore
565 2485 686 2519 eodem
703 2484 840 2519 Nuncio
853 2482 986 2517 Misura
999 2508 1010 2524 ‚
1031 2482 1066 2516 in
1081 2480 1166 2516 folio
1179 2479 1240 2513 illo
1254 2477 1351 2513 albo,
1376 2475 1406 2508 &
1423 2481 1532 2507 vacuo
1545 2467 1669 2503 summa
1680 2462 1850 2503 facilitate

397 2530 554 2575 express‘tt
568 2556 578 2566 .
602 2531 680 2567 Post
695 2532 759 2566 hoc
776 2532 969 2565 mandatum
982 2555 992 2569 ,
1016 2527 1129 2564 omnia
1144 2553 1152 2565 ‚
1179 2521 1309 2560 Riccio
1330 2527 1470 2556 curante
1485 2542 1494 2557 ,
1521 2514 1660 2560 impleta
1685 2510 1825 2556 suerunt
1839 2531 1849 2544 ,

397 2587 467 2621 qux
481 2588 523 2612 ex
538 2577 716 2624 disciplina
731 2576 883 2613 Ecclesiae
897 2603 907 2617 ,
935 2578 966 2611 δι
983 2573 1187 2611 Tridentini
1200 2567 1411 2616 dispositione
1432 2561 1598 2600 servanda
1625 2560 1701 2594 sunt
1716 2583 1726 2596 ,
1751 2564 1850 2590 ante-

398 2634 499 2674 quam
513 2625 734 2660 matrimonia
760 2624 1001 2664 contrahantur
1015 2647 1027 2658 .
1052 2620 1234 2666 Episcopus
1249 2614 1358 2651 Castri
1375 2611 1481 2653 Maris
1505 2604 1785 2650 denunciationes
1798 2612 1851 2635 re—

399 2668 486 2712 misit
502 2692 511 2702 .
536 2671 596 2704 Sed
612 2673 644 2705 in
661 2672 834 2718 scopulum
860 2670 1002 2706 Riccius
1016 2668 1156 2715 impegit
1169 2666 1214 2701 ob
1227 2664 1390 2699 defectum
1411 2657 1561 2694 mandati
1576 2655 1727 2701 Procurae
1740 2651 1778 2683 ad
1793 2648 1855 2682 de-

402 2717 593 2760 ponendum
605 2720 644 2751 de
659 2718 743 2753 statu
759 2718 870 2753 libero
889 2713 1037 2764 Philippi
1054 2743 1063 2756 ‚
1089 2707 1165 2751 oum
1178 2714 1262 2748 satis
1289 2721 1358 2745 non
1371 2706 1452 2742 esset
1464 2702 1661 2739 mandatum
1680 2696 1761 2731 illud
1777 2695 1857 2731 Pro-

400 2775 490 2808 curae
505 2762 546 2798 ad
560 2764 835 2809 contrahendum
847 2765 1124 2806 matrimoniumz
1149 2771 1263 2797 animo
1278 2767 1392 2794 tamen
1407 2764 1473 2789 non
1488 2750 1608 2788 fractus
1631 2743 1767 2825 impollit
1782 2742 1858 2778 An-

1675 2803 1717 2840 ge
1735 2800 1787 2825 am
1803 2814 1814 2830 ‚
