1955 3028
96 154 208 190 cunda
230 150 404 197 contracta
425 161 443 185 a
466 149 627 198 Georgco
643 151 737 187 nulla
751 176 761 191 ,
788 156 889 197 atque
906 150 1003 187 irrita
1015 150 1080 186 esse
1097 178 1106 191 ‚
1131 161 1209 187 cum
1223 150 1400 187 devii-‚ssus
1413 148 1492 187 effei
1510 111 1584 184 (ἐξ

91 212 215 248 orgeus
235 200 354 246 primis
380 210 457 234 cum
482 199 654 234 Carmena
684 200 882 238 contractis
910 200 988 235 hinc
1005 199 1137 234 nullum
1160 199 1224 234 esse
1248 198 1416 235 coauioni
1445 199 1555 232 locum
1575 222 1585 234 ‚

93 250 182 295 quod
209 247 318 283 vellet
335 249 440 282 Anna
459 247 579 281 Felix:
606 246 693 281 Haec
708 247 910 292 Coniuges:
939 248 980 282 ab
997 248 1101 282 Anna
1115 248 1233 283 Felice
1247 247 1332 281 nihil
1351 248 1510 280 hactenus
1527 246 1587 278 ha-

92 297 228 332 buimus
244 322 252 331 .
277 293 366 330 Tria
381 294 455 329 sunt
477 293 710 329 controversia>
723 294 869 341 Capita.

47 344 77 380 Ι.
101 350 161 380 An
177 344 222 388 fit
249 344 453 379 concedenda
480 341 694 388 Dispensatio
711 343 816 389 snper
840 343 1082 389 impedimento
1107 369 1116 383 ‚
1145 345 1184 378 de
1206 355 1271 390 quo
1300 345 1419 391 agitur
1443 344 1477 376 in
1505 343 1585 385 casu

237 396 311 428 &a
325 415 335 429 ‚
360 389 391 423 δι
411 397 581 434 quatenus
607 389 769 434 negative
787 415 796 425 .

49 439 94 475 II.
120 445 181 476 ,Λη
206 438 327 480 constet
342 438 380 473 de
407 436 818 483 validitatesponfiiliam
841 439 933 473 inter
958 443 1154 484 Georgeum.
1180 440 1354 482 Caroftz‘a,
1379 442 1422 474 ζα*
1439 443 1580 472 Annam

240 486 384 523 Felicem
415 486 528 531 Scipio
551 486 585 518 in
602 486 676 528 cafiz
703 489 802 523 &cn
826 484 858 518 &
881 494 1047 529 quatenus
1064 485 1269 521 affirmative
1285 511 1294 520 .

49 533 115 570 Ill.
142 540 200 571 ⁸An
215 560 224 575 ‚
253 538 296 570 2⁷9*
322 533 519 579 quommodo
536 529 583 572 fit
610 534 774 579 cogendus
789 537 823 568 in
845 534 921 576 castr
937 538 1014 569 &c-

221 639 414 694 Dilata
436 641 660 691 omnino
700 644 766 695 ad
787 642 1091 710 sequentem
1119 684 1131 696 .

49 775 128 858 C
149 770 366 810 APUANA
394 770 565 808 MASSAE
591 771 884 809 COMMUNIS:
917 771 1088 818 Capuanae
1117 773 1398 820 Metropolitanae
1429 773 1584 811 Ecclesiae

155 821 359 869 Capitulum
385 819 641 856 Pontificalium
658 821 714 856 usu
733 847 744 861 ,
768 822 924 857 Vestibus
947 820 1110 858 violaceis
1125 849 1135 862 ‚
1160 821 1353 868 Cappisque
1365 822 1477 857 rubeis
1491 823 1586 858 Sum*

96 882 231 905 morum
249 868 456 905 Pontificum
472 866 633 904 beneficio
658 869 870 905 honestatum
889 868 1112 915 quadraginta
1127 869 1254 905 constat
1269 868 1458 904 Canonicis
1472 896 1480 909 ,
1505 882 1586 916 quo—

95 930 171 953 rum
196 918 352 964 v'ginti,
376 917 445 962 ipso
469 919 571 952 etiam
599 925 782 952 numerato
797 914 1070 962 Archiepiscopo
1096 945 1106 958 ‚
1143 918 1176 952 in
1206 917 1323 951 ordine
1353 916 1586 964 Presbyterali

98 967 199 1005 sunt,
225 967 344 1011 seliqui
370 963 495 1011 viginti
513 966 546 998 in
573 965 710 1000 Ordine
737 964 948 1001 Diaconali.
969 964 1034 999 Par
1046 975 1162 1000 omnes
1190 964 1341 999 Ecclesia:
1372 964 1586 1001 servitium...

97 1014 278 1061 praestant5
311 1014 467 1061 impares
492 1021 607 1049 tamen
623 1012 813 1048 reddituum
834 1014 906 1047 sunt
924 1039 934 1052 ‚
959 1012 1102 1059 demptis
1127 1014 1218 1047 enim
1236 1013 1428 1057 praebendis
1445 1013 1588 1059 Presby-

98 1071 272 1100 terorum‚
297 1063 356 1107 qui
385 1065 688 1109 congregationum
715 1062 787 1095 οὲῗο
814 1062 1074 1100 canonicorum,
1102 1061 1242 1095 uticam
1270 1070 1399 1095 vocant
1425 1087 1435 1100 ‚
1458 1060 1586 1095 consti-

97 1118 219 1147 tuunt,
244 1109 384 1154 reliquae
413 1112 561 1154 quaedam
582 1107 798 1147 mediocres,
822 1107 976 1154 quaedam
1003 1118 1121 1142 tenues
1143 1107 1240 1147 sunt,
1262 1107 1412 1153 unusque
1433 1119 1476 1142 ex
1493 1108 1588 1144 Pres—

95 1156 229 1202 byteris
265 1157 396 1191 nullam
418 1158 515 1191 habet
543 1156 762 1191 Prabendam
775 1178 786 1189 .
814 1155 932 1201 Longe
949 1157 1056 1198 major
1071 1155 1117 1190 est
1132 1156 1218 1189 inter
1237 1156 1412 1190 Diaconos
1430 1156 1583 1201 inaequa-

94 1204 195 1241 litas,
221 1215 363 1249 quorum
386 1203 602 1242 praebendae,
628 1203 745 1248 paucis
769 1214 943 1248 exceptis,
976 1201 1168 1237 tenuiffimae
1187 1203 1261 1237 sunt
1278 1229 1287 1241 ,
1315 1204 1346 1237 &
1365 1211 1513 1248 quatuor
1539 1214 1586 1238 ex

94 1249 168 1295 ipsis
184 1250 257 1285 sunt
276 1251 342 1286 sine
357 1251 566 1287 Praebenda.
593 1250 717 1286 Eadem
744 1251 954 1297 inequalitas
978 1250 1024 1284 est
1047 1250 1082 1284 in
1106 1249 1401 1285 distributionibus
1429 1261 1589 1285 commu—

94 1298 191 1332 nium
208 1298 396 1334 reddituum
410 1324 422 1337 ‚
445 1310 523 1333 nam
536 1299 607 1335 duae
633 1307 742 1344 partes
764 1297 981 1344 Presbyteris
1000 1324 1010 1337 ‚
1041 1299 1142 1332 tertia
1171 1297 1342 1333 Diaconis
1364 1297 1586 1344 praestantur3

96 1345 190 1379 Hinc
210 1346 256 1379 est
271 1372 281 1385 ‚
306 1346 415 1392 utqui
433 1345 566 1382 nullam
583 1346 711 1381 habent
725 1346 941 1380 Praebendam
958 1370 967 1384 ‚
995 1345 1107 1379 nullos
1122 1346 1267 1380 habeant
1284 1345 1435 1380 redditus
1451 1357 1462 1383 3
1490 1345 1588 1380 Hine

96 1392 231 1427 vilescit
244 1393 397 1429 omnium
412 1391 513 1429 decor
528 1419 538 1432 ,
552 1393 690 1430 collatis
703 1393 973 1428 canonicatibus
989 1392 1142 1440 personis
1159 1393 1369 1437 ignobilibus
1384 1420 1393 1433 ‚
1417 1404 1495 1427 cum
1509 1393 1588 1428 nul-

97 1440 149 1474 lus
164 1439 204 1474 sit
220 1466 229 1479 ,
255 1440 314 1487 qui
327 1453 385 1476 eos
403 1441 514 1477 velit:
541 1443 619 1478 hinc
634 1441 761 1477 diffidia
777 1451 975 1489 perpetuari
999 1440 1187 1480 Dinonis,
1213 1443 1271 1486 qui
1296 1440 1499 1476 Praebendas
1529 1452 1587 1475 in-

97 1488 194 1521 hiant
216 1487 472 1533 presbyterales
488 1514 498 1524 .
523 1487 617 1527 Huic
631 1490 722 1525 malo
736 1515 746 1528 ‚
772 1499 872 1536 atque
890 1488 1111 1524 incommodis
1127 1497 1163 1522 ut
1177 1487 1420 1534 prospiceretur
1433 1514 1444 1526 ‚
1476 1489 1586 1523 ratio-

97 1547 174 1571 nem
199 1535 348 1576 inierunt
362 1536 597 1582 prudentiores
623 1536 758 1583 quidam
776 1563 785 1576 ,
811 1538 973 1584 ductique
997 1547 1159 1581 exemp-o
1183 1535 1331 1570 aliarum
1360 1535 1586 1572 Ecclesiarum

98 1583 268 1628 Neapolis
283 1610 292 1623 ,
315 1583 527 1626 Beneventi,
552 1587 583 1621 δι
599 1585 731 1620 Salerni
747 1587 918 1631 optimum
933 1583 997 1618 effe
1021 1583 1244 1622 censuerunt,
1270 1583 1291 1617 fi
1307 1594 1371 1617 una
1387 1595 1428 1618 ex
1446 1584 1588 1618 univer-

101 1630 138 1665 sis
155 1630 340 1665 redditibus
362 1631 458 1666 fieret
482 1632 582 1670 maffa
598 1636 787 1668 communis
803 1634 986 1679 aequaliter
1007 1630 1096 1666 inter
1119 1643 1236 1665 omnes
1253 1631 1450 1666 Canonicos
1475 1631 1591 1665 distri-

99 1679 253 1717 buenda,
281 1677 412 1713 servata
438 1689 570 1716 tantum
591 1680 713 1722 majori
730 1683 876 1726 quadam
895 1707 905 1721 ,
930 1681 962 1715 ἃ
989 1690 1136 1726 congrua
1164 1679 1389 1725 proportione
1420 1678 1589 1713 distribu—

101 1726 210 1760 tionis
227 1726 316 1760 inter
329 1725 553 1772 Dignitates,
580 1729 611 1763 δι
631 1728 856 1774 presbyteros
874 1753 884 1763 .
911 1727 964 1762 Re
980 1725 1196 1773 propositam
1212 1726 1373 1772 Capitulo
1394 1726 1515 1760 habito
1530 1725 1586 1761 die

107 1783 165 1807 20.
194 1772 280 1808 Maii
304 1784 392 1808 anno
415 1784 541 1820 1742.‚
567 1775 702 1822 placuit
733 1777 853 1810 modus
872 1776 1028 1811 omnibus
1050 1799 1060 1813 ,
1098 1773 1276 1818 selectique
1304 1774 1441 1808 fuerunt
1468 1774 1590 1809 Deca-

101 1832 186 1859 nus,
214 1820 245 1854 δι
273 1820 423 1867 quinque
450 1823 621 1858 Canonici
642 1849 655 1862 ‚
689 1825 746 1869 qui
773 1825 970 1858 methodum
997 1823 1033 1857 in
1054 1821 1288 1866 exequutione
1310 1822 1505 1857 servandam
1530 1824 1590 1856 de-

100 1868 283 1902 scriberent
302 1894 310 1902 .

56 1914 154 1950 Nihil
170 1914 244 1949 inde
263 1915 326 1949 hac
352 1915 392 1949 de
417 1928 456 1951 re
471 1918 580 1952 adium
604 1918 669 1954 fuit
696 1917 736 1951 ad
764 1928 889 1952 annum
918 1916 1020 1962 usque
1053 1924 1147 1960 1749-
1166 1939 1175 1952 ‚
1203 1915 1367 1961 Capitulo
1390 1915 1469 1950 aliis
1497 1916 1591 1951 curis

104 1961 272 1997 distento:
298 1962 459 1998 Decanus
475 1976 588 2004 vero,
616 1966 648 2000 &
674 1966 732 2012 qui
758 1965 867 1999 selecti
897 1961 1314 2001 fucrant‚ali1Canonici
1341 1964 1444 2008 probe
1481 1975 1589 2009 agno-

104 2009 231 2044 scentes
247 2036 257 2050 ,
280 2020 337 2044 eos
353 2037 362 2051 ,
387 2011 446 2056 qui
466 2012 664 2059 pinguiores
687 2011 887 2049 Praebendas
915 2010 1116 2045 obtinebant
1143 2032 1151 2046 ‚
1175 2009 1400 2046 difficultates
1424 2023 1562 2047 movere
1578 2037 1589 2050 „

105 2057 180 2101 quia
192 2056 436 2092 detrimentum
454 2086 464 2100 ,
490 2059 796 2110 &diminutionem
813 2059 1002 2098 timebant,
1034 2057 1117 2091 facta
1128 2059 1301 2093 communi
1328 2057 1427 2093 maffa
1455 2085 1465 2097 ‚
1489 2060 1588 2103 supe-

107 2103 171 2137 rari
183 2104 305 2149 omnia}
322 2103 410 2150 posse
436 2107 642 2142 censuerunt
659 2135 669 2149 ‚
696 2108 720 2143 fi
733 2108 853 2142 modus
872 2107 928 2141 hic
942 2106 1133 2140 communis
1154 2104 1260 2140 maffx
1276 2115 1504 2153 exequeretur
1520 2106 1589 2141 sine

109 2149 181 2183 ullo
201 2151 397 2187 viventium
412 2154 620 2190 detrimento
633 2181 644 2195 ‚
670 2155 808 2201 vimque
830 2154 1002 2189 obtineret
1020 2152 1183 2197 paulatim
1198 2179 1207 2192 ,
1234 2153 1264 2187 &
1278 2155 1354 2201 post
1371 2165 1512 2188 mortem
1525 2166 1589 2188 eo·

109 2197 262 2233 rumdcm
280 2225 287 2232 .
311 2199 397 2234 Rem
425 2202 541 2248 itaque
557 2228 568 2242 ,
600 2203 651 2238 uti
675 2203 914 2248 cogitaverant
932 2200 1181 2247 proposuerunt
1208 2202 1245 2235 in
1273 2201 1436 2247 Capitulo
1469 2201 1590 2237 habito

108 2246 162 2279 die
179 2255 211 2296 ι..
224 2245 339 2281 Martii
361 2259 449 2284 anno
471 2259 570 2295 1749.
594 2251 787 2296 placuitque
818 2249 976 2284 omnibus
1004 2249 1143 2287 modus‚·
1168 2248 1369 2284 censuerunt
1395 2248 1499 2283 etiam
1514 2276 1523 2288 ,
1551 2258 1593 2284 ut

107 2300 215 2338 gratia
230 2292 299 2329 haec
323 2294 559 2340 impetraretur
585 2310 604 2332 a
629 2298 771 2334 Summo
785 2295 952 2333 Pontifice
965 2322 973 2331 .
1001 2294 1131 2330 Tertio
1146 2295 1207 2331 hac
1224 2298 1263 2332 de
1286 2309 1320 2331 re
1345 2298 1457 2331 aCtum
1474 2295 1539 2330 fuit
1556 2297 1594 2331 in

109 2340 279 2392 Capit-ulo
303 2341 423 2378 habito
451 2345 562 2379 mense
578 2346 692 2392 Aprili
716 2346 862 2387 eiusdem
877 2345 977 2383 anni,
1006 2343 1036 2377 &
1052 2343 1184 2388 placuit
1207 2344 1458 2389 vigintinovem
1473 2344 1593 2378 Cano-

108 2398 244 2422 nonicls
261 2412 271 2425 .
291 2389 348 2432 qui
366 2390 592 2427 interfuerunt
609 2419 620 2433 ‚
645 2402 682 2428 ut
706 2392 805 2428 fieret
824 2391 922 2427 massa
936 2391 1145 2426 communis.
1169 2391 1288 2426 Selecti
1307 2392 1428 2426 iterum
1455 2390 1594 2425 fuerunt

106 2435 270 2470 Decanus
286 2461 295 2474 ‚
318 2436 349 2469 ὅ(
379 2436 505 2482 septem
518 2438 693 2476 Canonici
708 2466 718 2480 ,
742 2441 801 2486 qui
829 2451 901 2474 rem
918 2438 1121 2483 diligentius
1133 2440 1341 2473 conficerent
1358 2465 1367 2478 ‚
1395 2441 1425 2473 ὧι
1441 2438 1592 2474 habita...-

106 2485 241 2518 ratione
263 2486 494 2519 communium
511 2488 703 2523 reddituum
720 2514 730 2527 ,
757 2490 787 2522 δι
816 2487 1076 2533 particularium
1100 2485 1356 2521 l'raebendarum
1371 2513 1379 2526 ,
1409 2485 1591 2531 habitaque

105 2529 242 2566 ratione
258 2540 420 2570 onerum,
445 2532 476 2566 ὅ(
494 2533 722 2580 impensarum
739 2545 889 2570 omnium
905 2561 914 2574 ‚
931 2533 1129 2568 methodum
1147 2533 1396 2574 describerent,
1412 2547 1477 2580 qua
1491 2533 1593 2567 Com·

106 2578 217 2612 munis
232 2579 304 2613 haec
323 2576 428 2611 Maffa
442 2582 566 2625 exequi
598 2582 703 2629 poffet
720 2607 731 2618 .
761 2582 805 2617 Hi
826 2608 834 2621 ,
855 2582 1015 2616 omnibus
1029 2581 1183 2615 collectis
1200 2607 1208 2620 ,
1237 2583 1463 2616 monstrarunt
1480 2581 1592 2615 reddi-

106 2625 349 2660 tusuniversos
364 2625 571 2662 constituere
585 2629 748 2666 summam
761 2629 967 2665 ducatorum
990 2639 1110 2669 11105.
1123 2654 1132 2669 ‚
1156 2639 1259 2664 onera
1273 2642 1354 2663 vero
1379 2629 1591 2665 constituere

108 2669 267 2706 summam
284 2673 501 2708 Ducatoruin
519 2686 618 2721 1505.
630 2689 687 2722 09.
706 2704 714 2716 ‚
741 2678 863 2723 quibus
880 2676 1040 2712 detraetis
1065 2687 1082 2709 a
1106 2676 1227 2718 majori
1247 2677 1305 2712 illa
1322 2677 1446 2713 summa
1467 2702 1475 2712 ,
1503 2677 1592 2710 reli-

105 2729 209 2772 quum
221 2717 285 2753 effe
296 2721 496 2772 ducatorum
514 2729 642 2763 9600:
670 2725 733 2759 His
748 2734 861 2759 autem
887 2725 921 2759 in
937 2725 1165 2770 quadraginta
1183 2725 1358 2768 portiones
1370 2725 1564 2760 distributis
1581 2749 1592 2763 ,

107 2767 234 2801 debitos
258 2765 321 2801 esse
335 2768 476 2805 cuilibet
491 2769 672 2807 Canonico
687 2772 846 2809 Ducatos
863 2783 944 2819 240.
958 2798 968 2812 ‚
996 2770 1040 2807 ad
1069 2772 1270 2809 servandam
1299 2784 1381 2810 vero
1407 2773 1501 2821 inter
1521 2771 1594 2805 Di-

1437 2827 1548 2866 gnita-

1623 768 1708 812 Sess.
1726 776 1785 812 24.
1801 780 1831 802 c.

1627 825 1682 855 ις,
1706 816 1744 850 de
1758 816 1830 862 Res.
