1945 3028
1531 90 1545 114 ι

72 132 177 166 alium
197 155 205 168 ,
233 126 292 162 nist
319 127 375 162 vel
403 127 540 164 adversa
554 126 774 165 valetudine,
801 127 856 162 vel
882 134 950 171 qua
977 125 1046 162 alia
1074 123 1232 173 legitima
1254 123 1353 160 causa
1378 90 1548 173 praepedi-

76 185 192 212 rentur
206 203 214 215 ‚
241 175 495 221 Sacra‘fagerent
510 174 647 221 singulis
661 173 776 208 diebus
793 197 803 212 ,
823 173 1019 209 alternatim
1033 181 1151 208 tamen
1163 200 1174 213 ‚
1194 174 1228 208 in
1256 173 1374 208 eodem
1389 173 1522 210 Sacello
1535 186 1546 208 ε

79 223 228 259 infirmis
244 223 391 258 animam
412 224 592 269 agentibus
606 232 704 266 opem
721 219 870 261 ferrent,
893 221 924 257 &
939 222 1054 264 praesto
1072 220 1178 255 effent
1196 248 1203 252 .
1230 219 1349 254 Choro
1367 221 1548 261 demum-1,
1566 250 1569 252 .

81 270 255 314 sacrisque
273 270 428 306 omnibus
447 296 457 309 ,
480 270 603 317 quibus
618 276 777 303 tenentur
793 266 886 303 Prior
898 294 908 308 ,
938 269 969 303 δι
983 267 1155 305 Canonici
1173 266 1378 313 Colle-grate
1391 266 1547 303 Ecclcfix

81 316 298 354 imm-effem:
324 319 378 359 Jus
396 328 481 352 vero
497 314 697 351 nominandi
714 315 952 362 Cappelianos
981 314 1040 350 fibi
1068 314 1132 361 ipsi
1156 324 1324 362 perpetuo
1340 315 1548 357 reservavit,

83 363 260 411 designatis
278 363 499 409 Cappellanis
515 361 605 408 quasi
619 372 661 397 ex
686 359 943 397 fideicommissa
961 388 972 402 ‚
999 373 1088 408 quos
1105 361 1195 398 hisce
1212 362 1330 397 verbis
1347 361 1507 408 expressit
1523 387 1549 401 „

84 440 108 453 ‚,
137 414 161 447 E
177 410 313 446 ciascun
329 411 426 446 Prete
440 412 473 447 d’
489 408 726 458 Aequasparta
740 435 750 449 ‚
763 421 782 443 e
797 418 879 445 nato
891 409 925 444 in
940 408 1005 444 effa
1021 410 1053 445 di
1070 408 1226 455 legitimo
1237 408 1458 445 matrimonio
1471 408 1549 454 pos-

83 487 109 502 „
135 460 165 495 sa
195 458 393 504 pretendere
409 485 418 497 ‚
437 468 455 491 e
472 456 603 502 sperare
620 458 654 491 d’
667 454 769 491 effere
793 454 951 492 amineffo
967 468 1025 502 per
1046 455 1268 504 Cappellano
1297 465 1465 503 perpetuo
1495 468 1548 493 a...·

84 524 108 548 ,3
134 508 227 541 dette
250 503 479 551 Cappellanie
497 529 507 544 ,
532 516 550 538 e
566 516 633 539 non
658 503 805 540 abbiano
819 504 962 550 bisogno
979 504 1011 539 d'
1031 504 1121 539 altro
1154 513 1291 541 mezzo,
1319 504 1383 537 che
1412 502 1546 539 d’effer

82 582 108 597 „
135 552 238 590 buoni
268 551 462 589 Sacerdoti;
486 550 642 587 d’adeffo
657 551 716 590 io,
740 558 763 586 e*
782 563 840 598 per
863 551 990 597 sempre
1018 559 1160 586 nomin«)
1185 561 1203 584 e
1223 549 1377 596 presente
1403 561 1422 584 a
1447 551 1542 585 dctte

84 629 108 643 „
133 598 356 646 Cappelianie
380 600 391 634 i
413 601 477 636 due
500 599 556 645 piu
571 599 690 635 vecchi
710 598 886 635 Sacerdoti
912 599 1104 634 celebranti
1123 596 1226 633 Messa
1251 598 1342 634 della
1371 598 1463 632 detta
1479 598 1548 633 mia

84 678 107 693 „
132 647 267 684 Patria,
288 649 349 683 che
371 646 500 694 seguita
527 645 558 679 la
581 645 647 680 mia
670 655 776 681 morte
796 673 806 686 ‚
832 645 853 680 si
885 654 1094 681 troveranno
1111 655 1180 679 non
1193 643 1276 679 esser
1303 646 1449 691 provisti
1470 672 1477 685 ‚
1504 656 1547 679 ne

82 723 107 739 ‚‚
133 706 215 731 aver
236 693 357 732 dentro
378 695 410 729 la
432 693 537 728 serra
562 693 852 740 d'Acquasparta,
877 695 905 730 e‘
918 692 975 728 suo
1001 693 1188 728 territorio
1206 693 1363 728 l’riorato
1379 719 1389 732 ‚
1415 692 1541 728 Cano·

82 770 109 785 ,,
131 742 246 777 nicato
263 768 272 781 ,
295 741 521 788 Cappellania
537 751 696 787 perpetua
712 768 722 781 ,
740 741 856 781 Cura,
879 754 902 777 o
927 738 1100 777 Benefizio
1128 739 1314 785 seznplice:
1358 740 1384 774 E
1409 740 1442 774 di
1463 738 1521 786 poi
1536 764 1547 779 ‚

82 818 107 833 „
131 790 165 824 8<
180 789 247 824 alla
270 790 320 824 lor
344 798 475 829 morte,
499 800 517 824 e
538 789 571 827 di
593 788 814 825 ciascheduno
827 788 860 825 ἀι
889 789 961 823 loro
975 786 1183 835 Cappellani
1213 785 1511 825 succeffivarnem'e
1539 813 1550 828 ,

20 862 23 865 -
82 865 107 883 ‚,
131 849 149 872 e
165 848 221 884 per
238 836 354 872 ordine
376 836 539 876 nomino,
566 846 585 870 e
607 836 786 882 presento‚
812 847 831 873 e
853 834 1040 872 softitmseo
1060 836 1095 871 in
1112 832 1288 870 infinitum
1304 843 1400 870 tante
1420 836 1554 875 volte,-

83 914 106 928 ,‚
130 894 255 930 quante
269 884 369 920 verra
395 884 426 920 la
446 891 596 920 vacanza
610 909 619 923 ,
644 883 670 918 il
693 883 752 926 piu
774 882 920 919 vecchio
941 883 1040 917 Prete
1063 893 1162 919 come
1186 881 1284 929 sopra
1300 908 1310 921 ,
1330 893 1350 916 e
1367 883 1431 917 che
1447 893 1548 917 non-³

85 959 113 975 ,‚
133 933 202 968 sara
226 931 395 977 provisto,
418 931 548 968 comesi
573 944 590 966 e
612 930 759 966 detrudi
788 930 906 975 sopra,
930 929 1170 967 costituendoli
1186 940 1255 965 con
1283 928 1317 964 la
1340 929 1434 964 detta
1452 929 1551 976 Cap-

86 979 224 1025 „pella
250 979 365 1018 credi,
391 979 603 1025 proprietarii
632 977 675 1013 ed
705 976 942 1014 usufruttuarii
967 1003 977 1016 ‚
1001 977 1045 1012 ed
1070 978 1176 1014 anche
1199 976 1423 1012 Procuratori
1447 989 1466 1013 a
1487 979 1544 1023 pi-

85 1054 113 1071 „
136 1028 223 1073 gliar
247 1025 382 1073 possesso
404 1025 441 1061 di
465 1026 560 1064 dette
585 1025 851 1072 Cappellanie„
876 1025 915 1060 Et
930 1025 1009 1071 quia
1035 1025 1234 1070 contingere
1262 1032 1392 1070 poterat
1414 1051 1424 1064 ,
1445 1034 1484 1060 ut
1510 1036 1552 1060 eo

87 1085 244 1118 tempore
267 1074 500 1122 Cappellaniae
516 1084 701 1112 vacarent,
729 1085 794 1119 quo
819 1073 937 1109 nullus
962 1071 1040 1108 esset
1063 1073 1174 1108 senior
1199 1071 1358 1107 Sacerdos
1384 1098 1394 1112 ,
1423 1072 1544 1108 voluit

87 1122 250 1157 Testator
264 1124 277 1160 ,⁷
297 1132 334 1156 ut
364 1130 463 1157 xtate
490 1120 715 1168 proximiores
738 1121 1025 1159 admitterentur,
1052 1118 1154 1168 iisque
1168 1117 1431 1157 deficientibus,
1459 1118 1549 1159 ille.

88 1169 197 1217 quiin
212 1168 318 1203 Sacris
330 1168 514 1204 Ordinibus
533 1168 731 1207 const1tutus
746 1194 755 1206 ‚
779 1170 810 1203 δι
825 1176 923 1203 aetate
948 1167 1088 1212 gravior
1112 1194 1122 1207 ,
1153 1167 1188 1202 3<
1211 1166 1406 1201 Sacerdorio
1426 1166 1545 1209 proxi·

85 1218 174 1253 mior
197 1214 302 1252 effen
327 1215 404 1250 sine
421 1217 446 1250 is
457 1216 589 1262 quidem
607 1224 764 1253 extaret,
789 1216 876 1257 jussit
895 1241 903 1254 ,
928 1224 964 1249 ut
977 1213 1097 1254 Prior,
1124 1216 1156 1253 δι
1173 1213 1346 1249 Canonici
1371 1212 1550 1260 Collegiu-

87 1275 130 1300 τε
146 1262 294 1299 Εεςὶεῐῑ.ε
321 1263 473 1298 vacantis
487 1262 722 1307 Cappellaniae:
740 1263 886 1297 redditus
904 1263 1124 1309 perciperent
1138 1289 1147 1302 ,
1178 1270 1279 1310 atque
1299 1271 1404 1296 onera
1423 1260 1544 1305 impEe-

85 1319 184 1351 rent,
208 1310 321 1347 donec
333 1311 496 1347 Sacerdos
510 1311 589 1346 esset
605 1310 682 1355 ,qui
701 1309 860 1354 preditus
872 1309 1094 1357 qualitatibus
1115 1309 1183 1344 illis
1198 1335 1207 1346 ,
1233 1318 1316 1354 quas
1343 1306 1413 1353 ipse
1429 1306 1552 1343 deside·

86 1358 199 1396 ravit,
225 1356 485 1401 cappellanom
500 1358 658 1394 obtinere
682 1356 814 1404 posset.
841 1358 926 1392 Hice
954 1357 998 1392 ita
1013 1357 1133 1394 servari
1148 1356 1236 1400 juffit
1253 1354 1433 1395 Testator,
1460 1364 1496 1390 ut
1525 1354 1549 1391 fi

86 1419 152 1442 non
176 1404 390 1441 servarentur
406 1430 417 1443 ,
439 1408 478 1441 ad
505 1405 739 1442 haereditatem
755 1405 846 1440 suam
860 1404 925 1442 Pr.
939 1407 968 1440 S.
991 1404 1156 1440 francisci
1178 1401 1415 1454 Aequaspartae
1428 1403 1549 1440 volue-

86 1455 134 1490 rit
145 1453 321 1488 succedere
335 1478 345 1492 ‚
369 1455 447 1487 dato
462 1454 502 1488 iis
518 1465 622 1491 onere
635 1451 734 1487 unius
748 1452 841 1489 Sacri
859 1452 1046 1500 quotidiani
1061 1451 1181 1497 agendi
1197 1476 1208 1488 .

39 1500 113 1539 Has
126 1499 368 1545 Cappellanias
380 1499 526 1537 seniores
540 1500 738 1536 Sacerdotes
756 1500 994 1546 Acquaspartce
1015 1500 1055 1534 ad
1081 1500 1152 1535 hxc
1169 1499 1275 1545 usque
1287 1506 1446 1544 tempora
1463 1498 1551 1533 sem-

87 1559 146 1596 per
165 1547 389 1582 obtinuerunt
406 1561 415 1583 =
444 1549 556 1585 Unam
571 1560 613 1583 ex
632 1547 684 1582 his
697 1548 819 1584 dudum
834 1547 973 1594 reliquit
990 1547 1151 1585 Sacerdos
1166 1546 1374 1583 Dominicus
1389 1546 1556 1581 Salvato-

89 1596 156 1632 rius
174 1621 185 1635 ,
199 1606 261 1634 nec
274 1595 509 1633 Sacerdotibus
527 1595 762 1643 Acquaspartae
778 1597 917 1635 vacatio
930 1595 1170 1642 Cappellaniae
1185 1593 1375 1641 fignificata
1392 1593 1458 1628 fuit
1472 1619 1483 1632 ,
1499 1593 1553 1630 sed

89 1642 218 1679 Prioris
235 1669 245 1682 ,
271 1643 302 1679 &
317 1642 570 1681 Canonicorum
583 1642 785 1690 Collegiatx
800 1643 937 1679 nomine
965 1643 1086 1679 Preces
1112 1645 1238 1678 oblatae
1262 1640 1400 1679 suerunt
1424 1640 1549 1677 Sacra-

89 1690 208 1726 tiffimo
224 1689 370 1738 Principi
393 1692 506 1728 nostro
518 1721 527 1734 ‚
556 1691 682 1739 quibus
697 1691 910 1736 postulabant
924 1717 934 1730 ‚
955 1699 992 1726 ut
1017 1702 1094 1726 cum
1108 1690 1227 1727 nullus
1245 1689 1485 1735 Aequaspartae
1499 1689 1558 1723 Sa-

88 1738 206 1775 cerdos
227 1736 308 1772 effer
325 1763 334 1778 ,
355 1739 412 1784 qui
434 1739 692 1787 Cappellaniam
714 1737 817 1783 poss'et
838 1739 996 1774 obtinere
1010 1765 1020 1778 ‚
1035 1739 1193 1778 veniam,
1223 1737 1255 1775 &
1286 1736 1485 1771 facultatem
1501 1738 1558 1771 in-

87 1785 246 1832 dulgeret
264 1784 426 1833 Episcopo
451 1789 547 1824 illam
562 1785 758 1823 conferendi
781 1786 907 1823 exteris
927 1812 937 1826 ,
957 1795 1057 1832 atque
1074 1785 1280 1831 alienigenis
1294 1784 1557 1823 Sacerdotibus.

88 1832 185 1878 idque
214 1833 384 1878 perpetuis
404 1834 526 1872 futuris
543 1833 773 1878 temporibus,
796 1834 929 1870 servata
942 1833 1092 1869 Civibus
1115 1832 1314 1880 praelatione
1329 1859 1338 1872 ,
1368 1842 1471 1877 utque
1493 1842 1555 1865 ex-

87 1881 155 1915 teri
170 1880 367 1916 Sacerdotes
393 1884 432 1917 ad
456 1884 514 1919 has
539 1880 785 1927 Cappellanias
812 1881 971 1926 petendas
995 1880 1240 1917 allicerentur,
1264 1880 1439 1913 decretum
1455 1875 1557 1911 fuisse

88 1936 334 1974 augumentum
360 1929 486 1976 cuique
508 1927 727 1976 Cappellano
750 1935 942 1961 annuorum
963 1924 1007 1960 sc.
1032 1935 1087 1961 12.
1111 1952 1121 1965 ,
1145 1935 1218 1970 quae
1243 1925 1425 1969 praestanda
1452 1921 1560 1958 effent

88 1984 160 2010 tam
186 1986 204 2008 a
225 1972 343 2011 Priore
360 2002 370 2014 ‚
389 1977 422 2011 δι
443 1975 629 2013 Canonicis
643 1999 654 2014 ,
677 1983 777 2019 quam
789 1974 831 2009 ab
844 1971 1062 2009 officialibus
1078 1972 1229 2008 Fabrieae
1244 1997 1253 2010 ,
1267 1971 1298 2005 δι
1313 1971 1560 2007 Sodalitiorum

89 2020 282 2058 Santissimi
309 2021 543 2061 sacramenti,
566 2023 597 2056 δι
616 2018 751 2055 Rosarii
769 2045 780 2058 ,
805 2017 866 2066 qui
891 2028 1009 2054 omnes
1037 2018 1179 2063 publico
1205 2017 1429 2053 instrumento
1457 2017 1561 2055 sese..-

89 2068 170 2105 huic
193 2067 538 2105 annuaeintributioni
557 2065 829 2105 obstrinxerunt.
857 2065 953 2103 Data
969 2064 1034 2100 fuit
1054 2064 1293 2111 postulationis
1317 2065 1417 2108 hujus
1445 2064 1562 2112 cogni-

92 2116 141 2151 tio
161 2116 396 2162 Amplissimis
412 2116 573 2154 Patribus
588 2142 598 2156 ,
620 2125 638 2148 a
661 2114 786 2163 quibus
813 2114 947 2150 auditus
966 2111 1149 2158 Episcopus
1174 2112 1350 2160 respondit
1388 2113 1562 2150 censeres

93 2166 306 2199 annuendum
329 2162 394 2199 esse
414 2162 635 2211 postulationi
654 2188 664 2202 ,
687 2163 717 2196 δι
741 2163 877 2198 Sacrum
904 2161 970 2198 hoc
994 2159 1158 2198 sribnnal
1181 2160 1238 2194 die
1267 2170 1326 2201 23,
1350 2159 1560 2198 Novembris

92 2208 267 2257 superioris
289 2210 371 2248 anni
399 2208 713 2258 1748-rescripfit,
729 2217 769 2244 ut
789 2233 813 2249 „
828 2207 1009 2255 Episcopus
1030 2235 1039 2247 ,
1056 2207 1145 2242 veris
1156 2205 1382 2244 existentibus
1408 2207 1560 2244 narratis

93 2283 118 2298 ‚.
142 2257 238 2304 super
251 2257 416 2306 praemissa
435 2260 625 2297 Oratorum
639 2254 797 2293 instantia
811 2280 820 2294 ,
847 2266 969 2301 gerat,
998 2255 1143 2295 statuat,
1170 2264 1272 2304 atque
1286 2256 1446 2291 decernat
1462 2257 1563 2303 quid-

109 2330 119 2343 ,
144 2306 222 2350 quid
247 2317 304 2352 pro
332 2305 577 2348 sni-arbitrio.
601 2305 634 2343 δι
655 2303 863 2342 conscientia
880 2309 987 2351 magis
1010 2303 1045 2339 in
1065 2302 1221 2341 Domino
1244 2302 1407 2351 expedire
1430 2303 1563 2347 iudica-

93 2377 117 2392 „
145 2352 262 2387 verit·
286 2352 364 2393 ‘Posi
381 2353 449 2400 haec
462 2353 696 2395 indifiusfuic
711 2351 753 2387 ab
769 2353 927 2405 Episcopo
949 2351 1127 2392 concursus
1141 2377 1152 2391 ,
1177 2352 1295 2386 addita
1321 2348 1523 2398 exceptione
1550 2376 1562 2392 ,

95 2426 120 2442 ,,
146 2399 207 2434 che
233 2398 265 2434 se
276 2399 314 2436 vi
340 2398 421 2437 soffe
435 2401 540 2438 alcun
552 2399 733 2436 Sacerdote
750 2425 760 2438 ,
784 2410 805 2434 o
819 2398 985 2435 Chierico
1004 2425 1016 2440 .
1041 2398 1103 2433 che
1117 2397 1225 2434 avesse
1239 2398 1263 2433 li
1281 2398 1434 2445 requisiti
1449 2398 1560 2435 d'ido-

94 2472 120 2490 „
145 2446 291 2483 neita,ed
303 2447 387 2484 altre
402 2448 531 2494 qualita
545 2446 672 2494 pretese
690 2445 938 2482 delvundatore
950 2456 1055 2494 potea
1067 2445 1123 2480 nel
1137 2446 1280 2481 termine
1294 2446 1325 2479 di
1340 2445 1562 2491 giorni,nove

97 2519 122 2535 ‚,
145 2493 330 2539 comparire
343 2519 353 2534 ‚
367 2496 408 2530 ed
418 2494 538 2532 esibire
560 2494 654 2541 negl’
664 2494 729 2529 atti
752 2493 840 2530 della
853 2493 1075 2531 Cancellaria
1085 2493 1109 2529 li
1120 2491 1341 2540 suoirequifiti
1357 2518 1368 2532 ,
1382 2492 1564 2529 altrimen-

96 2567 123 2583 „
146 2541 175 2577 ti
198 2540 221 2575 s1
243 2541 437 2586 procederia
458 2555 476 2579 a
501 2553 618 2580 tenore
644 2540 701 2576 del
728 2541 881 2578 rescritro
908 2541 996 2577 della
1018 2542 1093 2587 Sag.
1108 2539 1389 2587 congregatione
1405 2565 1430 2580 ,‚
1456 2541 1564 2577 Venit

98 2589 188 2624 intra
211 2586 396 2624 terminum
419 2588 574 2627 Sacerdos
597 2589 726 2625 Lucius
753 2588 990 2626 Moseatellius
1015 2617 1026 2630 ,
1048 2590 1080 2626 δι
1105 2586 1367 2635 Cappellaniam
1404 2587 1463 2624 fibi
1490 2589 1564 2624 dari

95 2637 216 2683 petiit,
242 2637 328 2683 quod
354 2635 536 2683 qualitates
563 2638 641 2675 illas
664 2636 805 2673 haberet
822 2662 832 2676 ,
856 2648 939 2684 quas
961 2636 1077 2673 voluit
1102 2634 1290 2676 Testator5
1315 2646 1414 2671 natus
1436 2637 1565 2673 enim..-

94 2692 169 2719 erat
198 2683 438 2736 Aequaspartae
452 2709 463 2723 ,
480 2695 607 2721 annum
620 2686 729 2721 aetatis
743 2685 866 2731 agebat
887 2683 1126 2732 sexagesimum
1154 2695 1283 2718 nonum
1307 2709 1317 2724 ,
1342 2683 1476 2720 nullum
1499 2684 1565 2718 ha-

93 2730 199 2766 bebn
225 2729 456 2772 Beneficium,
478 2743 579 2772 nam,
609 2742 707 2778 quam
742 2741 897 2768 tenuerat
924 2732 1123 2769 parochiam
1144 2730 1180 2766 in
1207 2729 1328 2766 Castro
1356 2730 1566 2778 Qadrillo-

94 2789 174 2816 rum
191 2805 202 2820 ,
227 2776 356 2817 dudum
374 2779 572 2821 dimiserat,
596 2778 727 2828 optima
750 2781 887 2819 demum
913 2789 987 2826 erat
1001 2778 1228 2821 valetudine.
1242 2779 1275 2816 δι
1292 2779 1376 2818 licet
1391 2775 1566 2829 transactis

1423 2834 1524 2863 RsssslS
