1977 3028
528 121 601 156 ΞΤ
641 118 1193 156 RESOLUNONUM.
1643 130 1683 167 -η

68 172 221 220 gregatio
236 170 386 215 imposito
399 181 505 204 onere
520 180 631 204 annuo
645 167 822 203 Missarum

68 219 208 254 arbitrio
225 219 382 263 Episcopi
399 242 410 256 ,
432 216 588 269 &soluta
605 216 822 262 eleemosyna

72 277 129 314 per
142 277 303 312 patronos
315 278 357 301 ex
386 275 525 312 propria
538 265 682 310 pecunia
698 274 819 298 taxan-

72 317 109 350 da
124 316 166 348 ab
182 314 350 361 Episcopo
364 338 374 349 .
397 313 435 347 ln
451 312 573 354 clusina
587 315 821 349 commutatio·

74 374 127 398 ms
140 362 336 409 beneficiis).
355 370 412 405 59.

26 407 265 443 Commutatio
286 405 500 445 voluntatis,
524 418 625 453 quam
646 405 825 452 elargitam

74 455 186 490 fuerat
200 457 286 491 Sacr.
301 454 483 501 Congreg.
507 453 640 502 praevio
665 451 790 489 receffu
805 464 825 487 a

73 501 193 538 decisis
216 503 416 538 servandum
442 500 507 536 effe
532 500 825 537 instrumentum.)

76 548 287 586 fundationis
301 548 485 585 definitum
500 548 566 584 fuit
580 548 615 584 in
638 549 826 594 Syracusa-

73 610 116 632 na
129 600 406 634 commutationis
419 598 616 634 voluntatis
625 604 665 644 p·
679 602 736 641 36.
752 607 826 631 cum

69 646 146 692 seq.
158 649 201 683 (a
215 651 275 691 69·

216 694 249 729 C
263 694 298 729 Ο
315 693 350 728 Ν
365 692 396 728 C
408 692 443 728 Ο
455 692 490 728 R
506 691 571 728 DI
589 693 643 728 A.

30 737 224 775 Concordia
249 740 337 775 inita
365 740 456 776 inter
480 740 831 786 Archipresbyterum

75 790 119 821 de
135 787 251 833 Vago,
270 788 304 823 δι
318 787 482 823 Κεᾶοῐες
497 788 665 829 joannem
679 789 718 822 de
730 786 834 821 Chri-

74 834 244 880 stophano
258 861 267 876 ,
295 835 325 871 ἃ
343 834 594 881 Hieronymum
607 835 645 870 de
662 835 775 869 Alena
786 845 829 869 ex

73 880 182 916 altera
195 908 205 921 ,
228 894 328 929 quam
346 882 429 918 alias
443 881 619 918 decretum
633 881 746 917 fuerat
757 882 830 917 ser·

72 927 224 964 vandam
235 928 301 965 effe
314 929 401 965 citra
415 931 698 977 approbationem
713 928 831 963 matri-

73 975 192 1011 citatis
206 1002 217 1016 ,
239 977 274 1012 δι
287 976 423 1013 exclusa
436 988 536 1023 poena
549 975 808 1012 conventionali
821 1000 832 1015 ,

74 1021 209 1058 remiss'o
233 1025 339 1060 etiam
363 1036 466 1060 onere
489 1023 654 1070 Episcopo
668 1050 678 1064 ,
705 1033 744 1059 ut
771 1023 827 1057 in-

72 1073 252 1106 cumberet
265 1082 323 1118 pro
334 1073 569 1118 exequutione
580 1073 673 1107 dictae
686 1081 831 1107 concor-

73 1117 140 1153 dix
155 1141 162 1154 ‚
191 1119 303 1155 denuo
318 1119 510 1167 approbata
523 1118 587 1154 fuit
603 1119 637 1153 in
653 1120 831 1155 Triventi-

76 1165 259 1211 najurium
272 1166 581 1214 Parachialiump.
595 1171 649 1202 16.
665 1168 708 1201 ad
717 1163 831 1200 Ldub.

77 1218 122 1251 Θ·
160 1236 171 1248 .
190 1224 246 1253 30.

125 1220 193 1295 lero
201 1261 298 1304 cujus
310 1258 428 1296 effectu
441 1271 460 1294 a
472 1261 623 1297 Parocho
631 1261 761 1299 &Petri
772 1271 837 1306 pe-

77 1310 244 1354 ragendas
255 1306 318 1342 effe
342 1307 532 1344 funcliones
555 1307 771 1344 Parochiales
798 1307 834 1341 in

77 1354 236 1390 Ecclesiis
251 1380 260 1394 ,
284 1356 318 1389 8<
341 1355 441 1392 Locis
453 1365 550 1391 extra
572 1356 721 1396 moenia,
746 1356 777 1391 ἃ
800 1355 836 1389 in

77 1412 173 1447 parre
189 1401 373 1438 Territorii
398 1403 698 1449 correspondentis
720 1402 836 1437 distri-

77 1450 145 1485 &ui
161 1448 332 1486 l'aiochiae
347 1451 380 1484 S.
399 1450 494 1488 Petri
519 1450 715 1499 responsum
739 1449 810 1486 fuit
823 1473 836 1486 .

78 1497 166 1533 ibid.
182 1500 226 1532 ad
241 1501 286 1530 II·
301 1497 384 1533 dub.

128 1543 276 1590 Ideoque
294 1555 404 1590 neque
430 1546 582 1582 constare
605 1549 646 1582 de
669 1544 836 1593 praetenfis

78 1591 257 1627 attentatis
271 1618 281 1632 ,
294 1602 407 1638 neque
418 1593 463 1629 ab
474 1593 546 1630 ulio
557 1593 624 1630 effe
636 1596 809 1641 purganda
822 1619 834 1629 .

78 1639 165 1687 ibici.
182 1641 225 1674 ad
235 1643 295 1675 III.
308 1640 389 1675 dub.

389 1687 480 1771 D

262 1781 300 1817 D
326 1782 352 1817 E
378 1782 410 1819 C
437 1784 450 1818 1
479 1784 518 1820 Μ
543 1784 612 1820 JE.

38 1829 130 1913 D
149 1827 272 1865 Ecimae
296 1830 482 1874 praestandae
505 1831 583 1866 sunt
607 1859 617 1872 ,
649 1833 836 1878 praesertim

158 1887 234 1911 cum
250 1887 298 1912 ita
313 1885 430 1913 tenues
446 1877 508 1914 sim
519 1878 697 1916 Parochiae
727 1882 838 1916 reddi-

83 1932 137 1957 tus
152 1949 160 1962 ‚
181 1932 218 1958 ut
231 1935 316 1959 oner
332 1925 391 1960 bus
405 1925 554 1961 deduCtis
565 1937 718 1974 congrua
733 1927 837 1963 Paro-

82 1971 148 2006 cho
162 1970 252 2006 salva
267 1983 335 2006 non
351 1972 388 2007 sit
403 1982 459 2020 ,μ
473 1982 530 2018 77.
544 1973 566 2020 ξ
592 1981 688 2011 Hunc
702 1985 837 2011 tamen.

131 2017 336 2066 Frustraque
362 2020 566 2056 parochiani
590 2022 764 2068 excipient
800 2023 841 2056 de

86 2067 260 2103 contraria
274 2065 516 2104 consuetudine
528 2094 538 2108 ,
558 2069 743 2114 praesertim
756 2068 778 2104 si
805 2070 841 2104 in

86 2113 176 2164 mala
185 2111 251 2148 fide
264 2114 392 2160 semper
402 2114 575 2152 constituti
588 2113 842 2152 fuerintfidictis

89 2159 364 2207 Episcoporum,
385 2164 416 2200 δι
439 2162 751 2200 Constitutionibus
777 2166 840 2211 Sy-

89 2207 290 2249 nodalibus3
314 2211 362 2245 ita
377 2219 414 2246 ut
438 2211 630 2258 legitimum
654 2222 840 2260 numquam

89 2251 240 2301 allegare
268 2255 398 2302 possent
422 2257 562 2295 initium
579 2281 590 2294 .
613 2259 696 2296 Ibid.
722 2266 765 2296 φ
781 2261 837 2296 iri-2

91 2308 301 2340 'Privernen-
316 2307 565 2354 decimarump.
580 2315 637 2353 77·
651 2311 694 2344 &⁰
709 2307 766 2347 78·
780 2307 842 2341 sa‘

88 2359 187 2383 crum
202 2349 268 2385 hoc
281 2350 450 2388 'I'ribunal
473 2351 590 2388 statuit
603 2355 715 2390 deberi
742 2353 835 2389 deci-

88 2406 157 2431 mas
170 2395 265 2437 juxta
278 2405 391 2435 taram
402 2399 556 2447 Episcopi
572 2429 579 2436 .

43 2443 197 2479 Paroclio
212 2443 304 2495 ,tqui
320 2446 414 2483 nulla
428 2448 510 2490 iuris
530 2450 663 2484 ratione
688 2447 844 2485 suffultus

88 2500 341 2536 exemptionem
361 2504 379 2528 a
403 2493 616 2540 praestatione
641 2497 843 2532 decimarum

89 2537 246 2574 Plebanae
259 2539 412 2577 Ecclesiae
427 2541 660 2587 expostulabat
672 2571 682 2584 ,
705 2545 841 2591 negati-

91 2597 133 2620 ve
144 2583 333 2631 responsum
349 2588 413 2623 suit
427 2588 462 2623 in
478 2593 670 2628 Marianen.
696 2593 843 2627 ereHio-

90 2636 144 2668 nis
163 2634 353 2680 collegiatae
364 2644 400 2683 p.
415 2647 463 2671 ii.
478 2649 549 2672 cum
560 2638 631 2684 seq.
647 2641 691 2673 ad
707 2643 749 2672 ΙΙ.
764 2638 844 2674 dub.

45 2677 94 2715 Ex
119 2679 275 2715 Decimis·
301 2682 557 2718 Parochialibus
582 2685 711 2721 nonnisi
725 2695 846 2731 quarta

92 2739 166 2773 pars
199 2726 368 2776 Episcopo
397 2730 444 2766 est
473 2730 661 2776 praestanda
688 2756 698 2767 .
726 2743 764 2780 p.
789 2743 845 2778 23.

92 2776 125 2821 ᾧ.
147 2779 260 2812 sancti
275 2784 386 2814 Marci·
401 2781 493 2814 circa
508 2782 593 2816 med.

941 169 1199 215 Qartaautem
1212 177 1251 201 ea
1262 167 1408 203 debetur
1424 166 1682 214 Episcopis,qua:

917 214 1059 262 singulis
1074 215 1169 250 annis
1184 215 1228 250 ab
1253 212 1405 251 Ecclefiis
1422 215 1561 249 nomine
1576 214 1682 249 deci-

917 274 1051 298 marum
1067 263 1257 308 percipitur
1275 287 1283 296 .
1313 263 1397 298 ibid.

965 310 1006 345 Et
1018 310 1066 345 de
1095 309 1165 343 illis
1179 309 1368 345 redditibus
1382 308 1441 354 qui
1454 308 1682 344 absumuntur

923 358 961 394 in
973 355 1153 402 stipendiis
1167 357 1335 391 sacrorum
1347 382 1356 395 ,
1379 356 1607 404 suppellectili
1620 357 1686 391 Ec-

921 404 1056 443 clefiae,
1084 401 1244 448 pensione
1258 403 1439 439 Seminarii
1455 430 1466 443 ,
1494 404 1686 439 Cathedra-

922 453 994 488 tico
1005 478 1014 491 ‚
1031 450 1172 497 aliisque
1185 451 1284 494 hujus
1294 451 1428 497 generis
1438 452 1597 486 oneribus
1610 452 1688 485 nul-

922 502 954 535 la
968 498 1119 534 habenda
1134 499 1226 534 ratio
1241 499 1288 534 est
1304 510 1367 544 pro
1384 498 1554 533 statuenda
1577 509 1684 544 quai·-

924 556 958 582 ta
968 545 1177 583 decimarum
1189 571 1197 580 .
1219 547 1304 582 Ibid.
1319 549 1410 582 circa
1421 546 1480 588 fin.

973 592 1237 630 DELEGARE
1263 591 1421 630 DELEG
1430 592 1561 628 ATUS
1581 619 1590 628 .

879 643 1073 688 Delegatus
1099 643 1219 689 nequit
1244 642 1464 687 subdelegare
1488 666 1499 680 ,
1524 641 1556 676 &
1584 639 1686 676 alteri

927 690 1170 728 committere,
1187 691 1220 724 ὅ(
1247 687 1689 731 mandareiurisdiclionem

928 737 1128 774 mandatam
1156 763 1168 777 ,
1196 737 1227 772 &
1259 737 1282 772 si
1307 736 1416 772 alium
1442 735 1577 782 deleget
1602 735 1689 771 nihil

930 794 1006 834 aget
1021 809 1032 820 .
1051 794 1076 833 p
1103 794 1147 830 ςς
1181 793 1199 825 §
1226 786 1409 833 spoletana
1433 788 1526 818 circa
1541 786 1625 819 med.

974 833 1068 868 Huic
1082 843 1196 867 autem
1210 832 1339 878 regulae
1354 831 1452 866 locus
1465 841 1534 866 non
1549 828 1608 871 est,
1627 830 1685 864 ubi

926 881 1001 927 quis
1011 879 1190 926 delegatus
1205 880 1308 916 fuerit
1323 891 1341 913 a
1356 878 1511 922 Principe
1524 903 1534 916 ,
1547 879 1615 917 vel,
1631 877 1688 912 ubi

926 929 1080 975 delegata
1112 925 1212 962 fuerit
1235 925 1440 962 universitas
1466 924 1648 961 causatum
1672 950 1682 960 .

930 975 1016 1011 Ibid.
1028 983 1062 1010 tn
1072 974 1140 1017 fine
1156 1000 1165 1010 .
1682 1017 1688 1022 ς

949 1026 1008 1060 An
1022 1033 1135 1058 autem
1145 1022 1321 1057 Parochus
1332 1020 1426 1066 poffit
1437 1017 1689 1056 aliosacei-doti

925 1069 1137 1117 prxsentiain
1152 1069 1188 1104 in
1202 1069 1425 1105 matrimonio
1436 1067 1595 1112 delegare
1608 1093 1618 1107 ,
1636 1066 1689 1101 vi-

927 1119 967 1153 de
981 1118 1015 1151 in
1030 1117 1136 1151 verbo
1152 1130 1160 1150 =
1191 1118 1369 1152 Paroclms
1385 1140 1395 1151 .

883 1163 1139 1202 DlSMEMBR
1151 1163 1245 1199 ΑΗΕ
1285 1159 1667 1198 DisMEMssRATio
1679 1184 1688 1194 .

884 1213 1152 1249 Dismembratio
1165 1210 1285 1247 filialis
1313 1207 1467 1246 Ecclesiae
1480 1221 1498 1243 a
1521 1207 1668 1243 Matrice
1682 1234 1692 1247 ,

931 1258 1189 1297 interveniente
1215 1258 1378 1295 consensu
1393 1255 1551 1292 intereffe
1564 1256 1693 1290 haben-

932 1309 1023 1344 tium
1049 1307 1114 1342 fuit
1135 1305 1287 1342 concessa
1304 1318 1322 1340 a
1348 1306 1439 1340 Sacr.
1457 1303 1666 1354 Congrtegat.
1681 1327 1693 1342 ,

931 1368 1007 1402 quae
1024 1355 1112 1397 iuffit
1127 1365 1223 1389 novo
1249 1353 1409 1389 Parocho
1435 1349 1693 1400 subministran-

932 1405 1008 1438 dam
1024 1401 1090 1437 ess'e
1102 1412 1287 1448 congruam
1300 1402 1400 1444 juxta
1412 1401 1590 1434 decretum
1605 1397 1693 1442 Epi-

931 1451 1024 1497 scopi
1040 1475 1051 1489 ‚
1073 1449 1108 1484 in
1127 1456 1255 1487 comen.
1271 1447 1626 1492 dismembrationisp.
1641 1454 1692 1484 ις.

931 1506 972 1539 (φ
991 1509 1045 1535 20.
1060 1510 1134 1534 cum
1144 1497 1218 1544 seq.
1231 1499 1274 1531 ad
1288 1502 1310 1529 I.
1327 1499 1371 1532 Θ*
1386 1493 1524 1546 medab.

954 1547 1076 1595 Qoad
1090 1543 1193 1580 etiam
1208 1541 1484 1588 praeeminentias
1500 1573 1504 1576 .
1518 1540 1549 1575 &
1561 1537 1694 1592 praesta-

931 1595 1045 1631 tiones
1054 1590 1357 1629 EcclefiaeMairici
1371 1588 1458 1631 iussit
1471 1587 1597 1622 servari
1612 1597 1696 1633 ptae.

931 1644 1056 1679 dictum
1072 1639 1233 1687 Episcopi
1247 1639 1449 1674 decretum
1471 1647 1541 1681 quo
1553 1645 1635 1686 yero
1649 1635 1690 1669 ad

933 1689 1207 1726 nominationem
1229 1686 1383 1723 decrevit
1409 1684 1658 1719 alternativam
1679 1692 1692 1704 ·

932 1740 1017 1775 [bid.
1034 1740 1077 1772 ad
1102 1741 1161 1772 III.
1175 1735 1252 1770 dub.

944 1781 1248 1822 DISPENSARE
1275 1777 1612 1819 DlSPENSATIO
1628 1805 1636 1814 .

887 1834 986 1870 Bulla
1010 1830 1269 1877 dispensationis
1296 1830 1344 1866 nil
1373 1828 1468 1864 aliud
1492 1826 1539 1860 est
1557 1852 1567 1866 ,
1591 1835 1695 1871 quam

934 1881 1129 1916 mandatum
1142 1876 1376 1923 dispensandi,
1396 1874 1450 1908 seu
1463 1872 1604 1907 facultas
1615 1884 1696 1907 con-

933 1927 1069 1973 jugibus
1094 1925 1218 1961 iterum
1241 1920 1493 1959 contrahendi;
1517 1931 1585 1955 non
1610 1931 1693 1971 vero

939 1975 1141 2021 approbatio
1162 1970 1374 2007 matrimonii
1402 1995 1412 2012 ,
1434 1968 1523 2018 quod
1549 1967 1673 2002 illicite
1689 1991 1698 2005 ,

939 2023 971 2058 &
998 2021 1156 2057 invalide
1184 2020 1395 2055 conti-actum
1424 2017 1491 2051 fuit
1504 2039 1515 2050 .
1536 2024 1620 2063 pig.
1636 2022 1697 2050 σε.

940 2082 1012 2106 cum
1024 2069 1096 2117 seq.
1112 2069 1145 2108 ξ.
1156 2069 1220 2104 Sed
1233 2079 1287 2104 res
1304 2067 1461 2113 inprinc.
1692 2110 1699 2116 ·

953 2117 995 2152 Et
1005 2118 1083 2152 ideo
1095 2114 1118 2150 fi
1127 2115 1288 2160 coniuges
1299 2112 1429 2147 servata
1442 2110 1700 2146 sormaDecreti

936 2163 1145 2200 Conciliaris
1156 2161 1354 2197 consensum
1377 2171 1449 2196 non
1464 2168 1630 2192 renovent
1645 2170 1702 2193 co-

939 2223 1009 2248 ram
1035 2210 1190 2246 Parocho
1205 2234 1217 2248 ,
1240 2210 1271 2245 δι
1297 2207 1461 2243 Testibus
1477 2231 1487 2244 ,
1516 2206 1702 2240 matrimo-

936 2261 1033 2295 nium
1060 2258 1192 2293 nullum
1214 2255 1450 2292 convalescere
1473 2264 1543 2288 non
1570 2253 1701 2299 potest,

937 2307 1021 2342 licet
1035 2306 1222 2352 impetrata
1239 2304 1342 2340 suerit
1354 2300 1554 2349 Apostolica
1568 2299 1705 2353 dispen-

938 2354 1051 2392 satio;
1079 2364 1157 2388 cum
1173 2352 1270 2398 poflit
1287 2351 1456 2386 alteruter
1477 2360 1517 2382 ex
1544 2358 1705 2393 coniugi-

939 2403 1000 2437 bus
1021 2400 1090 2435 sive
1104 2408 1184 2434 ante
1196 2423 1207 2437 ,
1237 2398 1306 2434 sive
1322 2397 1391 2444 post
1407 2398 1488 2440 imp‹
1500 2404 1624 2430 iratam
1637 2395 1705 2430 dis-

942 2447 1176 2494 pensationem
1204 2445 1399 2492 poenitere;
1420 2445 1452 2478 ὃ(
1477 2443 1563 2478 liber
1580 2444 1704 2478 evadet

942 2494 964 2530 si
980 2496 1132 2538 praestare
1150 2493 1206 2528 nol
1225 2503 1237 2527 t
1253 2491 1450 2527 consensum
1471 2513 1481 2525 .
1508 2490 1582 2541 Ibifl
1597 2493 1631 2526 in
1640 2492 1703 2532 fin.

964 2543 1051 2589 Qae
1063 2540 1180 2577 omnia
1193 2538 1395 2574 confirmata
1406 2537 1547 2573 suerunt
1559 2548 1596 2571 in
1609 2543 1706 2572 Mon-

940 2592 990 2626 tis
1007 2590 1128 2632 Falisci
1145 2601 1163 2623 n
1183 2589 1323 2623 'llic-itis
1337 2587 1608 2632 matrimonii.p
1644 2592 1702 2621 σι.

942 2640 1097 2681 cumseq.
1113 2660 1122 2674 ‚
1150 2633 1210 2670 ubi
1226 2633 1415 2669 resolutum
1435 2632 1501 2668 suit
1518 2631 1707 2677 constare,-

942 2685 982 2718 de
998 2683 1160 2718 nullitate
1175 2680 1412 2720 matrimonii,
1441 2686 1483 2717 Θ
1497 2692 1532 2726 p.
1546 2684 1603 2720 69-
1620 2705 1630 2718 ,
1645 2679 1703 2714 ubi

945 2732 977 2766 in
994 2729 1262 2775 repropositione
1276 2727 1423 2771 ejusdem
1439 2725 1544 2762 causae
1560 2725 1702 2771 respon—

946 2778 1015 2814 sum
1031 2777 1096 2814 fuit
1111 2778 1147 2813 in
1161 2776 1276 2821 decisis
1293 2801 1304 2816 ‚
1331 2781 1374 2814 ἄν
1389 2775 1496 2823 ampli
1513 2787 1565 2824 '55

1510 2819 1662 2867 Dispen—
