1978 3017
362 157 499 229 giiiiifset
512 189 693 235 Episcopus
708 208 718 224 ‚
742 183 876 219 auditus
899 181 964 216 fuit
982 175 1374 225 VicariusCapitularis
1389 202 1399 215 ,
1422 174 1483 221 qui
1498 200 1509 213 ,
1531 182 1568 209 ut
1581 173 1612 207 ei
1627 174 1823 208 mandatum

366 241 478 275 fuerat
494 264 504 276 ‚
530 248 599 272 rem
615 232 741 269 detulit
768 230 808 265 ad
833 229 1032 275 Capitulum
1056 252 1066 262 .
1100 226 1286 274 Respondit
1308 220 1825 269 Capitulumdifficultatibus,

366 298 445 333 quas
462 292 614 319 moverat
638 280 785 316 Carolus
801 277 835 311 in
852 277 1001 322 precibus
1015 301 1025 314 ,
1050 276 1080 310 ὅ(
1095 273 1271 319 dispunctis
1284 271 1438 307 omnibus
1452 267 1584 315 partitis
1603 294 1612 307 ‚
1633 267 1829 313 diligentis-

367 336 446 368 simo
458 331 590 367 calculo
609 326 809 363 monstravit
840 325 964 369 primos
978 324 1094 359 decern
1121 322 1315 357 Canonicos
1339 318 1512 364 percipere
1539 325 1666 349 annuos
1685 314 1830 349 ducatos

367 384 425 424 69.
441 381 497 416 80.
512 405 522 419 ‚
549 378 699 423 reliquos
716 383 798 409 vero
811 372 891 407 duos
918 371 1085 417 percipere
1103 381 1233 404 annuos
1257 368 1398 403 ducatos
1411 367 1466 405 67.
1482 373 1540 404 41.
1555 388 1578 402 „
1605 370 1722 406 praeter
1745 361 1831 397 alios

368 454 391 469 2,
418 430 564 463 incertos
586 425 620 460 in
646 419 808 468 praediffls
833 418 970 454 summis
995 430 1065 453 non
1090 427 1330 462 computatos,
1354 415 1385 448 &
1411 420 1532 458 praeter
1554 408 1806 445 distributiones
1823 434 1834 447 ‚

368 501 394 517 „
421 485 502 521 quas
515 471 710 508 eanonicus
727 467 932 512 Theologus
952 466 1125 512 percipere
1142 466 1174 499 in
1192 464 1315 498 summa
1332 462 1531 496 ducatorum
1546 457 1675 504 septem
1692 483 1701 495 ‚
1726 454 1836 491 veluti

371 548 399 562 ³,
421 522 569 572 praesens
585 518 669 553 esset
683 514 813 551 statutis
826 514 906 548 anni
922 512 1026 548 Festis
1044 513 1087 547 ad
1113 512 1295 547 lectionem
1309 509 1444 543 addiffls
1461 533 1470 546 ‚
1492 517 1562 551 (suae
1576 505 1713 540 Vicarii
1730 502 1839 538 verba

372 593 396 610 2,
415 572 517 614 Jiaent,
553 569 614 614 qui
630 562 1046 603 addttfententiamfuam
1070 562 1125 596 his
1141 558 1260 595 verbis
1276 584 1286 597 ,
1314 558 1396 591 licet
1410 551 1622 589 constitutio
1647 548 1842 585 Benediffl-

375 643 398 658 2,
425 630 466 651 na
477 613 642 660 exposcat
655 623 714 656 pro
726 608 911 645 Canonico
922 608 1109 654 Theologo
1126 605 1342 642 Praebendam
1357 604 1399 637 sc.
1413 609 1472 638 60.
1488 628 1499 641 ‚
1522 598 1744 633 nibilominus
1757 596 1845 631 Prae-

375 691 400 704 „
427 662 575 698 bendam
588 662 791 694 ducatorum
814 663 872 691 60.
897 655 995 698 huius
1013 655 1152 701 Regni,
1178 650 1320 699 quceipfi
1349 649 1481 685 Carolo
1503 644 1708 684 obveniret,
1733 642 1845 678 tenuis

379 738 402 751 „
426 709 588 757 quidem,
607 716 666 741 aut
695 703 899 740 insufficiens
916 703 1105 738 aestimanda
1132 712 1199 737 non
1232 699 1324 738 erit,
1351 705 1480 731 attenta
1505 693 1706 741 potissimum
1730 689 1848 736 quali-

380 783 404 799 „
429 766 497 793 tate
520 755 627 793 Loci,
656 753 779 799 quaein
803 750 880 786 aliis
906 749 1034 785 casibus
1055 750 1101 784 est
1114 748 1233 795 regula
1249 748 1287 781 ad
1307 753 1498 789 congruam
1519 741 1600 777 vitae
1615 737 1850 774 substentatio-

378 831 404 847 „
428 816 506 838 nem
521 828 543 843 ‚,
564 827 575 837 .
599 800 710 836 Causa
733 798 838 845 igitur
850 797 962 832 omnis
981 796 1045 833 lV.
1072 794 1259 842 Capitibus
1285 791 1430 829 collecta
1456 789 1545 827 fuit,
1566 787 1600 821 8(
1614 786 1761 832 disputat
1784 784 1853 818 Ca-

377 852 530 897 pitulum
542 858 663 884 contra
675 847 842 881 Carolum
856 844 964 881 teneri
979 857 1056 879 eum
1072 844 1112 878 ad
1137 842 1347 887 implendum
1360 848 1447 873 onus
1473 831 1628 870 lectionis
1641 857 1651 873 ,
1680 833 1763 866 licet
1778 832 1852 866 red-

380 899 471 934 ditus
485 908 555 932 non
571 895 635 930 sint
661 895 694 930 in
718 894 849 929 summa
875 904 894 927 a
917 890 1179 927 Constitutione
1202 886 1419 923 BenediCtina
1440 879 1645 919 constituti;
1672 878 1855 912 Materiam

382 948 491 982 Sacrae
505 943 689 989 Scripturae
703 940 935 986 exponendam
957 951 1023 974 non
1039 939 1104 974 effe
1119 950 1136 972 a
1158 935 1341 971 Canonico
1355 931 1541 976 Theologo
1559 927 1750 973 eligendam
1765 951 1775 964 ‚
1798 924 1856 959 sed

383 995 427 1028 ab
442 990 612 1038 Episcopo
625 1016 634 1028 ,
662 1000 773 1034 neque
788 986 873 1032 poss'e
887 988 1043 1022 eumdem
1058 984 1278 1022 Canonicum
1304 980 1433 1027 eligere
1456 974 1680 1012 Substitutur'n
1699 999 1709 1012 ,
1739 971 1791 1007 sed
1807 980 1859 1006 te-

383 1041 459 1075 neri
472 1049 532 1082 per
546 1037 578 1071 se
596 1035 703 1082 ipsum
718 1036 854 1070 Sacram
867 1035 1079 1081 scripturam
1091 1030 1314 1077 interpretari
1329 1057 1337 1065 .
1364 1028 1398 1061 A
1412 1025 1541 1061 Carolo
1554 1020 1642 1057 nihil
1655 1019 1834 1056 habuimus
1850 1047 1858 1055 .

385 1086 509 1122 Dubia
522 1083 619 1120 sunt.

337 1133 366 1170 1.
393 1132 624 1180 Anprovisus
642 1142 716 1166 cum
739 1140 839 1165 onere
864 1130 1068 1177 explicandi
1083 1130 1300 1176 scripturam
1329 1129 1468 1159 Sacram
1489 1117 1634 1167 apposito
1664 1118 1700 1151 in
1727 1115 1858 1151 Literis

527 1178 737 1227 ⁴Apostolicis
752 1185 914 1213 teneatur
928 1179 1001 1213 tale
1019 1190 1102 1212 onus
1126 1176 1274 1223 implere
1288 1199 1299 1213 ‚
1323 1178 1496 1218 quatenus
1510 1167 1664 1202 redditus
1682 1164 1860 1198 eanonica-

525 1236 584 1262 tus
599 1239 663 1261 non
688 1225 868 1268 ascendant
883 1224 926 1258 ad
940 1228 1123 1271 congruam
1140 1247 1151 1261 ‚
1173 1223 1203 1258 δε
1218 1228 1388 1267 quatenus
1401 1213 1564 1261 negative
1578 1237 1588 1248 .

340 1274 385 1311 11.
410 1279 470 1310 An
485 1284 634 1321 congrua
657 1272 845 1319 supplenda
857 1269 1021 1318 fitjuxta
1034 1275 1276 1319 quantitatem
1303 1270 1523 1303 ducatorum,
1553 1261 1613 1296 vel
1625 1254 1861 1304 scutorumse-

526 1323 673 1368 ,raginta
692 1327 832 1355 monetae
847 1324 1002 1364 Romana*
1018 1345 1029 1359 ‚
1055 1319 1212 1355 deductis
1237 1313 1401 1352 onerzbus
1417 1313 1451 1346 in
1471 1308 1546 1352 casu
1558 1311 1632 1344 (syc.

342 1366 410 1404 111.
433 1373 493 1405 An
510 1370 662 1404 materia
679 1372 787 1402 Sacrae
801 1366 1017 1408 lectionissit
1029 1369 1064 1403 in
1089 1364 1240 1401 arbitrio
1269 1361 1425 1399 canonici
1452 1356 1613 1402 Theologi
1632 1379 1643 1393 ,
1659 1350 1722 1395 seu
1741 1351 1862 1400 potius

494 1444 499 1446 .
529 1414 725 1462 defignanda
740 1411 783 1447 ab
808 1413 993 1448 ordinario
1008 1422 1042 1450 in
1065 1415 1142 1456 casu
1158 1416 1233 1449 &a

343 1459 409 1498 JV.
432 1467 494 1499 An
516 1465 702 1497 eanonicus
730 1460 921 1505 Theologus
939 1461 1035 1507 poffit
1062 1462 1191 1507 eligere
1206 1457 1458 1498 substitutum,
1473 1452 1538 1496 seu
1559 1449 1680 1498 potius
1705 1452 1865 1482 teneatur

522 1509 733 1557 semperper
753 1508 792 1552 fle
807 1508 914 1554 ipsum
932 1509 977 1543 ad
989 1509 1257 1556 applicationem
1272 1511 1383 1542 Sacrae
1415 1499 1577 1539 lectionis
1591 1498 1627 1532 in
1654 1492 1729 1537 casu
1744 1496 1819 1529 &a

398 1601 699 1698 scoffl.primum
721 1601 953 1643 affirmative,
977 1602 1010 1638 &
1031 1600 1178 1649 amplius
1201 1625 1211 1636 .
1235 1600 1277 1636 In
1301 1595 1443 1645 reliquis
1466 1591 1622 1629 audiatur
1645 1596 1755 1624 novus
1783 1583 1866 1631 Epi-

632 1762 753 1828 Die
773 1760 1060 1828 Sabbathi
1091 1782 1115 1825 1
1129 1778 1184 1841 7.
1201 1757 1359 1840 Junii
1391 1779 1412 1820 1
1427 1775 1462 1836 7
1476 1774 1500 1837 ς
1515 1774 1572 1818 2.

61 1937 134 1985 Sess
153 1948 245 1981 23.c·
260 1949 313 1978 12.
351 1938 421 2027 B
442 1936 689 1975 ISUNTINA
706 1932 1133 1972 DISPENSATIONIS:
1160 1932 1339 1979 Rogamus
1365 1925 1647 1965 Eminentiffimos
1661 1921 1781 1957 Patres
1796 1945 1807 1959 ,
1830 1926 1869 1955 ut

40 1988 78 2024 de
89 1988 164 2034 Res·
453 1988 584 2023 folium
604 1986 882 2033 congregationis
898 1983 1023 2018 habitae
1036 1984 1090 2017 die
1106 1989 1160 2026 ις.
1175 1979 1357 2027 superioris
1368 1977 1488 2021 Mensis
1498 1972 1639 2022 Aprilis
1654 1970 1778 2004 iterum
1790 1976 1870 2002 con-

398 2034 509 2070 sulant
524 2061 534 2074 ‚
557 2044 635 2070 cum
655 2031 763 2070 eadie
777 2030 978 2075 rescriptum
994 2028 1099 2064 fuerit
1125 2028 1202 2063 huic
1231 2025 1373 2062 Causae:
1411 2025 1534 2060 Dilata
1549 2047 1558 2061 ‚
1586 2017 1770 2062 &scribat
1797 2021 1870 2049 De-

396 2084 508 2135 fensor
524 2083 662 2117 Ordinis
677 2093 685 2114 :
715 2079 878 2126 Implevit
892 2078 948 2113 hic
964 2087 1085 2112 munus
1102 2075 1195 2110 suum
1209 2100 1219 2114 ,
1238 2073 1393 2120 ¹ideoque
1405 2082 1499 2108 nunc
1513 2068 1606 2104 idem
1620 2063 1777 2102 Dubium
1791 2071 1870 2108 pro—

398 2139 536 2175 ponitur
551 2157 559 2165 .
1327 2131 1329 2134 ⁴

349 2176 458 2219 vAnfit
473 2180 566 2215 locus
591 2177 833 2225 dispensationi
851 2176 958 2224 super
971 2180 1054 2209 voto
1069 2171 1285 2209 continentia
1302 2171 1337 2205 in
1357 2167 1431 2212 casu
1452 2168 1531 2204 &c-

445 2269 622 2318 Negative
636 2298 646 2307 .
1672 2303 1682 2322 τ

64 2380 148 2421 Sess,
162 2388 219 2417 22.
232 2394 261 2419 c,
279 2386 310 2418 3·
444 2361 806 2402 ARCHINONEN.
822 2357 1217 2398 CAPPELLANIAE:
1246 2356 1417 2393 Dedimus
1431 2352 1575 2400 speciem
1588 2358 1720 2384 omnem
1737 2371 1747 2386 ,
1760 2344 1804 2389 ,&
1818 2354 1872 2395 ra-

38 2425 78 2462 de
92 2426 164 2473 Res,
453 2414 567 2449 tiones
584 2411 684 2454 hujus
697 2410 816 2446 Causae
831 2411 865 2445 in
883 2411 966 2454 folio
985 2408 1268 2453 congregationis
1292 2402 1420 2439 habitae
1443 2404 1495 2437 die
1508 2407 1544 2435 6.
1570 2395 1727 2432 transacti
1753 2392 1871 2432 Mensts

400 2464 490 2513 Maii
503 2488 513 2501 ‚
540 2461 597 2496 sed
613 2457 710 2495 causa
725 2469 764 2492 ea
779 2457 834 2492 die
857 2455 1030 2504 proposna
1047 2464 1116 2489 non
1130 2453 1219 2489 fuit:
1244 2463 1319 2487 cum
1346 2459 1438 2484 nunc
1462 2453 1664 2496 proponatur
1677 2469 1687 2482 ,
1701 2441 1874 2494 ‘poterun't

399 2507 656 2543 Eminentissimi
682 2504 799 2540 Patres
812 2531 822 2544 ,
849 2504 997 2551 repetita
1012 2503 1114 2538 illias
1130 2502 1226 2537 Folii
1240 2499 1382 2535 lenione
1400 2522 1410 2536 ‚
1439 2496 1576 2531 dubium
1589 2491 1746 2537 expedire
1758 2511 1768 2522 .

353 2559 413 2600 ‚An
434 2555 640 2597 sustineatur
656 2555 819 2599 fundatio
843 2552 1078 2600 cappellania?
1095 2549 1193 2593 fabia
1221 2561 1240 2584 a
1260 2546 1426 2596 quondam
1456 2541 1663 2591 Magdalena
1693 2533 1876 2577 Ferrangin

401 2603 478 2645 casu
502 2607 578 2638 φρ,

447 2689 623 2741 Negative
636 2719 648 2735 2
672 2695 705 2731 δι
721 2695 761 2732 ad
775 2702 929 2734 mentem
942 2715 955 2734 .-

1710 2815 1842 2854 NAR-
