1977 3028
1553 158 1594 197 73

127 164 261 202 officio,
288 163 559 203 Arbitri'munus
582 170 862 219 suscepitelectns
877 188 895 211 a
911 178 1080 225 Capitulo
1102 209 1111 224 ‚
1138 182 1509 230 ci'tati'sSacerdotibus
1533 207 1600 232 ex-

127 220 179 244 tra
200 223 380 248 numerum
399 218 442 249 ad
456 218 630 254 dicendam
646 245 656 259 ,
683 233 790 268 quare
800 229 951 270 petitum
977 234 1331 278 compromisjimzfieri
1356 252 1419 275 non
1445 242 1597 287 debeat3

124 256 163 290 ln
181 258 245 293 hoc
258 259 367 304 igitur
384 273 524 298 munere
538 264 744 304 sententiam
762 271 868 305 animi
888 273 934 308 sui
949 277 1084 320 aperuit
1101 302 1112 312 .

79 304 223 340 Censuit
248 316 384 349 autem,
414 319 451 344 ut
476 310 573 346 sicuti
602 326 662 359 per
686 315 934 354 immemoriale
959 331 1091 368 tempus
1118 327 1295 371 :equaliter
1319 331 1432 369 divisa
1459 336 1594 375 fuerant

125 353 359 390 emolumenta
382 357 523 392 duarum
549 362 709 407 priorum
734 363 1007 408 Proceffiouum,
1035 372 1065 405 &
1093 372 1338 418 vesperarum,
1366 381 1412 415 ita
1431 382 1593 421 dividen-

124 399 202 435 dum
218 398 298 435 effet
311 405 486 447 aequaliter
500 417 742 453 augumentum
761 417 956 449 eorumdem
971 419 1304 462 emolumentorum
1333 427 1362 461 ὅ(
1379 429 1478 466 ficuti
1504 432 1592 469 inre-

124 447 274 492 qualitei·
297 449 442 485 divisum
457 453 565 488 suerat
591 455 795 500 stipendium
817 462 923 497 tertiae
940 463 1160 502 Proceffionis
1176 469 1244 505 diei
1267 473 1422 514 15.Junii
1437 504 1446 516 ,
1473 479 1520 514 ita
1535 481 1589 515 di-

123 494 520 543 videreturinaequaliter
537 501 608 543 ejus
624 504 828 549 stipendium
843 535 852 548 ‚
866 508 998 545 servata
1014 516 1237 558 proportione
1249 543 1257 551 .
1285 522 1366 556 Non
1379 524 1505 568 placuit
1520 528 1587 563 Ca-

120 541 250 579 nonicis
265 542 320 578 hic
341 547 454 584 modus
470 548 645 585 divisionis
661 578 671 591 ‚
696 553 750 587 sed
766 565 879 590 tamen
894 583 904 595 ,
929 560 1044 594 coacto
1059 562 1112 596 die
1129 575 1160 599 2.
1178 564 1270 604 ,lunii
1286 578 1374 604 anno
1402 580 1497 619 1747.
1511 573 1586 608 Ca-

121 588 230 631 pitulo
245 615 255 628 ,
283 590 489 637 Dignitates
521 622 530 635 ‚
561 598 591 633 ὅ(
618 601 772 636 nonnulli
794 602 964 641 Canonici
991 609 1216 651 praestiterunt
1241 612 1401 652 assensum
1415 645 1425 658 ,
1453 622 1584 656 caeteris

119 633 417 682 diffentientibus;
438 653 488 678 res
510 643 625 691 itaque
641 649 684 688 ad
701 648 766 685 hoc
778 651 915 687 Sacrum
935 652 1106 692 Tribunal
1122 659 1236 694 delata
1249 661 1315 701 est,
1342 669 1583 704 contendenti÷

119 683 178 717 bus
198 683 384 722 Cananicis
402 714 426 728 „
451 689 652 728 divisionem
672 699 868 740 augumenii
894 711 952 745 pro
977 712 1122 747 quatuor
1145 709 1329 752 praerelatis
1351 711 1580 752 functionibus

115 753 139 768 ,‚
165 734 388 777 peragendam
412 735 524 776 ¹esseio
541 741 661 784 majori
684 754 780 788 parte
796 770 805 783 ‚
829 745 886 781 seu
913 748 946 781 in
962 750 1088 794 duplici
1114 765 1185 788 raia
1209 755 1298 792 inter
1310 770 1432 796 omnes
1459 761 1579 798 Cano-

114 803 139 816 „
165 779 261 813 nicos
275 779 316 814 de
333 784 469 831 gremio
484 811 492 824 ‚
517 788 617 826 tertia
643 801 722 825 vero
740 796 900 836 portione
917 796 1006 833 inter
1020 798 1256 837 Portionarios
1271 828 1281 842 ‚
1306 806 1337 840 δι
1354 806 1578 846 Extranume·

114 850 137 864 ,‚
163 825 270 860 rarios
288 853 310 867 ,,
326 853 336 871 ·,
362 831 512 871 Auditus
528 834 594 871 fuit
612 837 792 885 Episcopus
810 867 820 881 ,
845 842 901 887 qui
919 842 954 877 in
973 845 1089 880 eadem
1117 848 1282 895 sententia
1296 853 1343 887 est
1357 880 1365 892 ,
1394 868 1460 902 qua
1484 857 1576 893 arbi-

110 871 216 907 trium
230 872 326 910 suum
342 877 570 925 interposuit,
600 895 762 933 rogatque
778 889 1009 935 Ampliffimos
1025 891 1138 930 Patres
1155 923 1164 936 ,
1189 907 1226 931 ut
1239 898 1423 937 decernant
1437 931 1446 943 ‚
1469 905 1500 939 δι
1515 904 1578 941 sta·

110 927 234 960 tuam,
261 934 334 967 quae
351 922 389 959 fit
404 925 523 965 Portio
546 929 714 978 Episcopis
731 934 848 972 debita
860 962 871 976 ,
894 949 971 973 cum
986 941 1088 974 etiam
1106 943 1161 988 ipsi
1174 945 1212 978 ad
1227 947 1285 980 lias
1302 948 1506 987 functiones
1521 965 1576 988 ac-

109 968 234 1002 cedant
250 994 257 1002 .
287 968 443 1019 Longum
457 975 536 1012 esset
559 979 738 1025 utriusque
764 983 877 1019 Partis
903 986 1054 1022 rationes
1082 990 1247 1037 colligere
1264 1021 1274 1032 ‚
1293 1005 1368 1034 cum
1383 1008 1439 1033 eas
1456 1000 1523 1041 jam
1539 1001 1575 1036 in

110 1012 253 1058 epistola
267 1015 321 1052 sua
335 1021 496 1057 retulerit
513 1025 696 1072 Episcopus
711 1055 721 1068 ,
747 1031 777 1069 ὅς
794 1042 811 1070 a
829 1031 1068 1071 Sacerdotibus
1095 1049 1188 1076 extra
1215 1051 1391 1078 numerum
1405 1046 1491 1082 nihil
1511 1048 1574 1082 has

111 1062 225 1098 (tenus
240 1063 355 1101 datum
372 1067 476 1107 fuerit
491 1098 500 1107 .
527 1072 644 1109 Causae
661 1074 816 1114 Dubium
831 1081 878 1113 est
889 1103 900 1115 .

61 1114 126 1144 Aa
141 1134 152 1148 ,
178 1115 222 1147 (φ’
237 1117 397 1158 quomodo
407 1122 603 1165 peragenda
611 1121 656 1163 fir
669 1124 787 1167 divisto
795 1127 857 1168 seu
873 1131 1059 1175 repartitio
1081 1137 1353 1184 augumentipro
1379 1140 1502 1187 acceffu
1529 1147 1573 1181 ad

114 1159 335 1204 Processt'ones
348 1186 360 1204 ,
373 1163 411 1198 de
426 1168 550 1212 quibus
569 1170 686 1214 agitur
699 1174 732 1206 in
746 1174 821 1217 casu
833 1177 907 1210 &a

107 1299 140 1334 ἃ
159 1250 362 1338 Facilendam
375 1258 439 1296 effe
453 1260 651 1300 divifionem
663 1266 873 1315 Augumenti
888 1267 985 1319 juxta
999 1271 1138 1311 solitum
1152 1277 1298 1328 antiquae
1313 1283 1566 1331 repartiti'onis,

154 1310 230 1349 amp
248 1316 300 1343 ius
312 1329 324 1347 .
737 1322 742 1325 “

169 1397 499 1451 ΕᾼΡΟΜΤΑΝΑ
517 1413 827 1455 NULLITATlS
848 1420 1179 1462 PROFESSIONIS
1195 1441 1203 1450 ·
1230 1427 1267 1464 In
1283 1429 1452 1478 integrum
1474 1433 1568 1470 resti-

166 1453 229 1496 ,ω’
247 1451 394 1495 postulat
411 1458 717 1510 adversuslapsum
732 1468 955 1515 quinquennii
971 1469 1007 1506 P.
1021 1472 1216 1511 Franciscus
1229 1477 1341 1512 Maria
1355 1480 1490 1525 Pagano
1500 1483 1565 1519 Or-

102 1489 192 1526 dinis
209 1494 432 1538 Eremi'tarum
457 1506 491 1541 S.
502 1509 685 1556 Augustini
706 1513 999 1564 Congregationis
1025 1520 1205 1560 &joannis
1234 1528 1271 1559 ad
1289 1525 1539 1564 Carbonariam
1555 1545 1566 1566 ε

98 1536 227 1591 Narrat
242 1547 332 1581 enim
345 1551 426 1586 duos
441 1551 594 1591 Nicolao
608 1558 743 1605 Pagano
759 1564 845 1608 patri
862 1563 921 1599 suo
942 1563 1030 1601 filios
1044 1566 1138 1603 fuisse
1150 1596 1159 1609 ‚
1181 1582 1264 1617 quos
1281 1571 1446 1618 Regulam·
1460 1577 1566 1613 alicui

97 1583 223 1638 Ordior
238 1601 363 1630 nomen
379 1599 458 1633 dare
471 1604 614 1641 omnino
628 1607 760 1643 voluit.
788 1610 955 1646 Obtinuit
969 1613 1001 1647 id
1015 1627 1031 1648 a
1046 1626 1126 1651 natu
1143 1618 1262 1661 majori
1276 1622 1565 1675 :reluctabat-na-

93 1728 181 1778 tati,
210 1731 242 1766 &
265 1734 323 1771 vix
350 1737 498 1784 impleto
520 1744 777 1793 decimoquinto
800 1753 912 1788 aetatis
935 1766 1046 1792 anno,
1075 1758 1214 1794 Ordinis
1232 1761 1338 1796 vestes
1364 1762 1560 1810 suscepiffe;

91 1774 258 1814 Animum
273 1789 417 1823 tamena
437 1789 605 1839 Regulari
632 1795 706 1830 vita
732 1798 880 1835 alienum
896 1826 906 1838 ‚
931 1802 961 1836 &
981 1801 1159 1841 adversum
1188 1807 1348 1852 aperuisse
1369 1837 1380 1849 ‚
1401 1815 1559 1858 neglectu

89 1818 308 1868 Regularum
322 1834 481 1876 Ordinis,
507 1840 597 1885 quod
621 1844 750 1886 optime
776 1847 940 1892 agnovit,
965 1849 997 1883 δι
1021 1850 1175 1887 Fratrum
1197 1854 1364 1898 Capitulo
1389 1858 1558 1904 significa-

90 1878 149 1921 VH·
171 1870 345 1919 syronum
359 1881 545 1931 Magister,
567 1889 620 1923 cui
636 1900 786 1926 mentem
801 1894 891 1928 suam
905 1899 1182 1940 aperueratidem
1199 1901 1465 1940 P.Franciscus.
1492 1908 1556 1944 Sed

89 1913 192 1952 Prior
204 1921 401 1964 Monasterii
416 1932 547 1969 censuit
557 1935 660 1970 aliam
672 1936 734 1972 effe
747 1939 847 1982 hujus
859 1944 1043 1980 contrariae
1058 1948 1248 1982 voluntatis
1263 1950 1396 1985 causam
1408 1977 1418 1992 ‚
1444 1953 1555 1996 iuffit-

88 1973 153 2007 ‘lue
166 1992 176 2005 ‚
201 1977 237 2002 ut
250 1982 291 2006 eo
306 1975 408 2018 vitae,
433 1980 465 2015 8<
480 1981 646 2018 orationis
658 1995 784 2029 genere
802 2013 812 2027 ‚
837 1987 931 2035 quod
939 1991 1144 2037 spiritualia
1166 2000 1335 2032 exercitia
1353 2010 1551 2046 nuncupare

86 2009 237 2063 s0¹emUS
252 2044 262 2058 ‚
288 2031 445 2061 uteretur
460 2040 471 2060 .·
495 2028 549 2065 his
568 2040 680 2066 tamen
693 2034 837 2078 expletis
854 2060 865 2074 ,
888 2034 926 2070 in
950 2037 1070 2074 eadem
1085 2041 1264 2085 perstitisse
1283 2043 1451 2081 sententia
1466 2061 1552 2084 con-

87 2064 192 2110 traljia
212 2063 303 2103 Vitae
327 2070 522 2120 Regulari,
546 2080 663 2114 exacto
684 2081 898 2124 probationis
919 2095 1007 2120 anno
1021 2112 1031 2126 ,
1063 2089 1170 2132 pridie
1185 2102 1285 2137 quam
1313 2092 1551 2132 Profeffionem

85 2114 283 2153 emmefflu
308 2117 388 2154 licet
404 2124 588 2160 certiorem
610 2126 805 2164 reddidisset
820 2130 860 2164 de
886 2130 943 2165 sua
966 2135 1134 2170 contraria
1159 2140 1339 2174 voluntate
1366 2139 1550 2188 Tyronuin

84 2149 286 2199 Magistrum
300 2190 309 2205 ‚
333 2166 391 2202 hie
411 2179 526 2206 autem
541 2174 727 2209 certiorem
741 2177 933 2215 reddidisset
952 2178 1105 2217 Priorem
1118 2210 1127 2222 ‚
1155 2186 1303 2221 adactum
1322 2197 1436 2223 tamen
1451 2188 1549 2226 fuisse

82 2199 200 2255 eodem
214 2205 379 2256 Magistro
393 2213 583 2263 Tyronum
595 2220 733 2257 absente
747 2250 757 2264 ‚
781 2235 848 2260 non
863 2226 894 2259 in
913 2224 1054 2263 Ecclesia
1067 2256 1077 2269 ‚
1102 2239 1140 2265 ut
1151 2242 1221 2267 mos
1232 2232 1278 2271 est
1288 2257 1299 2270 ‚
1321 2246 1438 2272 coram
1451 2237 1548 2273 Con—

81 2243 302 2300 s³¹¹g¹1¹sseis‚
327 2261 358 2297 ὃ(
373 2263 505 2310 Populo
518 2293 528 2306 ‚
555 2267 656 2304 sedin
672 2269 814 2310 Chore,
835 2273 865 2307 δι
885 2272 1016 2310 secreto
1043 2276 1096 2311 die
1111 2288 1165 2313 20.
1178 2280 1261 2321 Julii
1279 2292 1367 2316 anno
1385 2294 1481 2324 1735·
1497 2287 1545 2322 ad

81 2291 314 2342 Proseffionem
329 2310 574 2356 emittendam,
601 2327 699 2361 quam
712 2317 824 2354 invito
852 2318 968 2356 animo
989 2323 1138 2360 emissam
1161 2325 1255 2363 fuisse
1281 2327 1416 2369 Fratres
1433 2342 1542 2375 agno-

77 2351 261 2397 thrqnyex
278 2352 443 2404 lacrymis
463 2387 473 2400 ‚
501 2362 533 2397 δι
548 2363 654 2398 animi
669 2365 960 2410 perturbatione5
987 2369 1103 2406 Tanta
1121 2373 1202 2408 iride
1227 2384 1424 2423 correptum
1445 2377 1542 2431 fuisse

77 2388 240 2440 ²¹[1st12182
264 2402 350 2439 utin
376 2408 530 2445 morbum
556 2409 739 2455 inciderit,
763 2414 795 2449 &
811 2423 965 2459 patrem,
987 2419 1045 2462 qui
1071 2418 1157 2454 illud
1185 2421 1272 2457 lecto
1296 2423 1466 2464 jacentem
1483 2437 1542 2461 in-

74 2435 152 2490 Vlslss
172 2465 183 2480 ‚
218 2450 369 2490 graviter
391 2455 586 2504 objurgasse
601 2485 613 2499 ,
643 2459 730 2506 qued
757 2459 862 2507 ipsum
883 2461 924 2497 ad
951 2463 1185 2503 Profeffionem
1207 2469 1434 2507 emittendam
1459 2483 1541 2509 coe-

73 2492 165 2527 gerit
181 2513 191 2523 .
851 2516 856 2523 ¹

27 2526 165 2587 Pactum
183 2537 247 2575 hoc
262 2541 294 2579 Ρ.
310 2544 440 2586 Prioris
456 2552 564 2590 tulere
578 2538 911 2612 groviterpMag-ister
923 2562 1104 2616 Tyronum
1116 2590 1126 2605 ‚
1155 2565 1280 2619 aliique
1297 2567 1429 2603 Fratres
1441 2593 1452 2606 ‚
1475 2570 1538 2620 qui

70 2673 164 2714 πῶς
181 2691 269 2719 anno
288 2698 384 2734 ¹745-
397 2691 582 2739 Paupertas
595 2698 747 2736 obstitit.
775 2702 814 2736 P.
825 2703 1021 2745 Francisco,
1046 2717 1089 2741 ne
1107 2707 1204 2744 litem
1222 2709 1412 2755 inciperet,
1438 2712 1535 2763 &⁶⁶5

69 2720 386 2772 sectuslpgtsjmonij
405 2766 415 2779 ‚
440 2752 483 2775 ne
498 2754 515 2776 a
532 2744 674 2782 Divinis
687 2747 857 2793 suspensus
871 2750 970 2792 esset,
994 2751 1046 2788 sed
1061 2755 1195 2790 tandem
1210 2754 1270 2802 ipsi
1286 2756 1443 2795 Fratres,
1468 2768 1531 2807 qut

67 2779 137 2810 sem
149 2784 285 2864 011135111
301 2783 364 2824 ira,
393 2787 443 2822 uti
459 2801 646 2836 evenerat,
673 2797 857 2840 tenebant,
883 2801 1048 2883 peciffias
1060 2805 1295 2850 praebuerunt.
1330 2803 1458 2898 Precceis1
1462 2811 1531 2887 ἐπι.

234 2838 387 2872 ont-AXI-
