1977 3028
1565 142 1586 172 ζ,

72 180 149 217 ‘isse
171 187 360 215 comanertxt
381 177 421 211 ad
447 176 585 212 Ducem
602 175 795 214 Calabritti
811 204 821 218 ‚
847 177 904 224 qui
926 177 1013 213 Baro
1028 186 1102 213 erat
1116 205 1125 218 ,
1152 180 1183 214 &
1203 179 1375 215 Dominus
1386 177 1582 226 Spinazzio-

86 229 146 264 Le.
174 228 206 261 O
220 237 351 273 peram
365 236 499 260 omnem
517 224 611 260 suam
631 225 718 261 D-ux
735 225 796 260 ille
811 224 994 272 spopondit
1011 227 1118 261 Felici
1136 253 1144 265 ,
1165 227 1397 274 implevitque
1419 225 1579 273 promissa

84 275 199 310 nastus
240 273 456 309 occasionem
471 298 481 311 ,
507 283 574 317 qua
589 272 791 310 Antonius,
814 273 956 307 rixante
984 272 1132 318 Josepho
1146 273 1250 308 fratre
1273 277 1309 309 in
1334 275 1479 322 publico
1501 274 1579 320 Spi-

99 322 267 358 nazziolse
287 322 376 355 Foro
388 331 468 355 cum
494 319 716 366 Hieronymo
728 319 945 366 Evangelista
962 346 971 358 ‚
996 320 1086 355 hunc
1100 321 1261 366 impulit,
1287 330 1325 356 ut
1349 323 1463 357 rixam
1488 321 1578 357 diri-

97 380 235 408 meret,
262 370 293 404 δῑ
320 367 413 402 fratri
441 377 542 412 opem
568 365 699 405 ferret,
726 368 802 401 dum
827 378 905 401 eum
934 366 971 401 in
983 365 1154 405 Carceres
1177 369 1306 409 conjici
1325 370 1441 410 juffit,
1467 381 1576 415 neque

102 417 174 464 post
190 421 273 452 duos
287 413 417 450 menses
438 440 448 454 ‚
471 413 598 460 quibus
612 414 774 449 detentus
793 413 884 453 suit,
910 414 1051 450 evadere
1065 416 1183 461 potuit
1200 442 1210 455 ,
1234 415 1297 450 nist
1311 416 1392 452 data
1404 416 1471 452 fide
1491 416 1574 452 Μο-

101 464 284 500 nasterium
308 461 528 508 ingrediendi
545 488 552 495 .
588 461 706 496 Fidem
733 471 847 497 tamen
876 462 1024 498 liberare
1040 474 1107 498 non
1126 461 1239 509 potuit
1254 464 1432 500 Antonius
1445 465 1488 499 ob
1511 463 1575 500 ad-

100 512 229 548 versam
243 536 253 550 ‚
274 511 306 545 in
318 521 418 555 quam
433 508 580 548 incidit,
602 508 838 544 valetudinem
851 532 862 543 .
882 508 973 545 Cum
986 510 1132 555 pristinae
1145 510 1282 546 sanitati
1297 512 1472 547 restitutus
1484 512 1550 546 fuit
1563 538 1573 552 ,

101 558 267 606 superatis
283 570 303 592 a
316 558 432 592 felice
445 556 712 591 difficultatibus
725 556 886 592 omnibus
903 584 913 597 ,
940 569 1016 604 quae
1031 569 1049 593 a
1063 558 1224 594 Patribus
1237 558 1332 594 illius
1351 559 1493 595 Ordinis
1507 558 1574 594 ini·

99 608 280 642 ciebantur
295 633 305 646 ,
338 603 586 639 {nonasterium
604 603 765 650 ingressus
788 603 834 639 est
847 616 938 640 anno
956 607 1055 652 1726.
1069 608 1176 641 Anno
1193 607 1407 651 probationis
1427 607 1547 642 exacto
1561 632 1572 647 ,

99 653 346 689 Prosci-{ionem
363 649 473 686 emisit
490 677 500 690 ‚
529 651 581 686 sed
598 650 787 688 simulatam
805 677 816 691 ,
844 653 874 687 δι
889 652 1001 687 fictam
1028 653 1129 688 fuisse
1145 654 1215 701 ipse
1231 655 1408 690 Antonius
1429 654 1572 699 Spinaz-

100 702 227 737 ziolam
251 700 405 736 reversus
423 698 642 738 declaravit,
673 707 778 746 utque
794 711 869 735 eam
882 701 1015 736 nullam
1028 702 1193 749 probaret
1207 728 1217 742 ,
1241 700 1499 738 testificationes
1515 713 1573 746 po-

96 748 238 786 stulavit
253 774 262 788 ,
288 747 510 792 obtinuitque
525 771 536 785 ,
561 745 619 781 sed
633 757 689 782 eas
703 747 801 782 Felix
817 748 1009 794 surripuit.
1038 748 1073 784 ld
1087 749 1145 785 ubi
1158 761 1251 785 anno
1268 759 1372 796 1730.
1385 778 1395 790 ,
1415 751 1448 786 8<
1464 751 1571 785 trien·-

93 796 155 832 mio
171 795 244 841 post
257 794 501 830 professionem
528 792 681 829 emissam
708 796 888 831 Antonius
911 796 1076 835 rescivit,
1098 797 1234 833 curavit
1252 824 1264 837 ,
1290 808 1328 832 ut
1352 798 1428 834 aliae
1441 798 1486 834 ab
1501 796 1573 834 eis-

95 843 176 879 dem
189 842 357 878 Testibus
374 839 496 876 fierent
521 840 781 877 testificationes
793 869 804 883 ‚
829 844 874 878 ob
887 855 971 890 quas
985 844 1097 890 plures
1111 856 1132 878 a*
1147 845 1266 882 Felice
1279 844 1443 882 Testibus
1462 845 1570 882 illata:

93 891 239 929 fuerunt
267 890 392 925 minae.
420 889 493 924 Has
520 886 804 931 testificationes,
831 902 916 937 quas
938 892 1034 926 dedit
1061 892 1274 928 Procuratoii
1303 893 1361 928 suo
1383 893 1570 935 judiciali,

93 950 199 986 quem
215 939 337 974 Romae
360 935 607 975 constituerat,
631 946 669 972 ut
687 937 861 984 querelam
886 937 1059 974 nullitatis
1088 939 1310 976 Profeffionis
1331 949 1543 988 proponet-et
1562 967 1574 982 ‚

95 985 207 1022 amisit
229 985 353 1020 iterum
378 983 550 1019 Antonius
565 1009 576 1023 ,
606 984 686 1019 dolo
714 996 780 1025 ne,
806 997 849 1019 an
866 985 1080 1033 negligentia
1107 988 1349 1024 procuratoris
1371 989 1571 1026 incertum;

94 1033 307 1070 rescribebat
323 1042 443 1067 tamen·
455 1032 658 1069 Procurator
672 1032 771 1068 litem
796 1032 992 1069 instructam
1017 1032 1136 1072 fuisse,
1160 1036 1322 1080 pecunias
1348 1044 1483 1070 tantum
1506 1035 1570 1070 de-

94 1080 160 1117 ess'e
178 1107 189 1120 ,
221 1081 343 1127 quibus
360 1078 476 1114 libell-i
492 1080 527 1113 in
552 1080 666 1115 lucem
682 1079 894 1115 hominume
919 1078 1040 1115 formis
1057 1081 1174 1116 emitti
1188 1080 1344 1128 possent;
1368 1082 1460 1117 nihil
1488 1093 1572 1117 vero

91 1138 212 1174 egerat
227 1154 238 1168 ,
266 1127 357 1162 nihil
375 1127 472 1173 egit;
497 1126 564 1161 line
580 1126 876 1163 testificationibus
889 1127 1023 1163 causam
1044 1128 1135 1164 suam
1148 1131 1239 1164 tueri
1253 1141 1324 1165 non
1338 1138 1478 1176 poterat
1495 1132 1572 1165 An-

93 1176 238 1216 tonius,
265 1173 394 1210 distulit
420 1173 526 1220 igitur
547 1200 557 1214 ,
583 1175 616 1209 &
640 1174 707 1210 sese
738 1175 836 1210 rebus
862 1175 1015 1211 servavit
1040 1176 1214 1213 secundis.
1236 1178 1341 1213 Obiit
1367 1177 1436 1212 dux
1461 1176 1572 1213 Cala-

94 1223 197 1259 britti
216 1250 226 1264 ,
250 1222 342 1258 obiit
357 1222 456 1256 Felix
473 1245 482 1255 .
510 1221 670 1268 Tempus
683 1221 798 1268 itaque
820 1232 1053 1269 opportunum
1065 1223 1131 1259 effe
1148 1234 1240 1260 ratus
1264 1225 1441 1260 Antonius
1453 1235 1573 1270 preces

94 1270 228 1307 obtulit
252 1269 479 1305 Sacratislimo
494 1267 648 1315 principi
663 1269 774 1305 nostro
788 1296 797 1310 ‚
824 1270 947 1316 quibus
961 1271 1152 1318 postulabat
1176 1271 1310 1308 resti-tui
1323 1273 1359 1307 in
1375 1282 1571 1320 integrum,

96 1328 136 1354 ut
153 1318 282 1353 nullam
296 1329 339 1352 ex
353 1316 452 1351 causa
468 1317 557 1351 illati
572 1328 592 1352 a
610 1316 719 1353 fratre
732 1326 843 1354 metus
857 1318 971 1354 dicere
984 1318 1089 1365 poss'et
1107 1320 1343 1356 Profeflionem
1358 1320 1448 1355 suam
1463 1346 1472 1359 ‚
1498 1320 1572 1354 Da-

94 1375 132 1400 ta
147 1366 214 1401 fuit
229 1364 469 1411 postulationis
483 1364 585 1407 hujus
602 1365 763 1411 cognitio
778 1366 1004 1412 Ampliffimis
1029 1366 1186 1403 Patribus
1202 1395 1213 1408 ‚
1237 1380 1256 1403 a
1272 1368 1394 1414 quibus
1411 1368 1575 1402 mandata

94 1411 165 1449 fuit
187 1411 381 1454 Jurisdifflo
399 1410 566 1458 Episcopo
583 1412 758 1448 Venusino
773 1440 784 1454 ‚
811 1423 848 1449 ut
865 1413 1052 1460 process'um
1076 1415 1286 1456 judicialem
1300 1442 1309 1454 ‚
1335 1415 1470 1451 servata
1493 1414 1573 1450 for·

93 1471 153 1496 ma
176 1458 450 1495 Constitutionis
466 1460 600 1505 Optimi
621 1459 841 1509 Maximique
854 1461 1024 1510 Principis
1046 1462 1154 1499 nostri
1172 1490 1181 1502 ,
1205 1462 1394 1499 conficeret
1446 1461 1574 1508 Imple-

94 1508 253 1543 taomnia
269 1506 436 1546 fuerunt,
460 1507 491 1542 &
510 1506 698 1554 Episcopus
727 1508 763 1543 in
779 1521 818 1544 ea
841 1510 888 1545 est
902 1509 1073 1547 sententia
1088 1535 1114 1550 „
1136 1512 1226 1558 quod
1249 1518 1382 1546 attenta
1405 1508 1573 1555 protesta-

92 1581 118 1597 ,‚
143 1555 244 1591 tione
259 1557 299 1590 de
324 1554 422 1602 gravi
449 1553 620 1590 violentia
648 1555 750 1592 illata
771 1556 808 1592 in
824 1556 1032 1594 Profefflone
1058 1557 1140 1594 facta
1156 1585 1168 1598 ,
1194 1560 1226 1594 &
1242 1560 1350 1594 multo
1363 1557 1470 1604 magis
1486 1568 1574 1592 con-

94 1628 119 1645 „
144 1602 286 1638 stderata
300 1603 504 1638 continuata
528 1603 699 1638 violentia
724 1605 760 1638 in
786 1604 1003 1649 impediendo
1027 1606 1163 1643 recursu
1188 1609 1227 1642 ad
1251 1607 1405 1642 Sanctam
1432 1605 1573 1644 Sedem,

96 1677 121 1692 ‚‚
148 1651 180 1686 δι
195 1649 360 1686 continuo
375 1649 559 1696 conquestu
582 1649 625 1686 de
647 1650 811 1686 nullitate
835 1652 1054 1690 Proseffionis
1072 1680 1082 1693 ‚
1102 1654 1146 1689 ad
1172 1655 1348 1701 pristinam
1374 1652 1575 1688 libertatem

101 1723 126 1738 ,,
151 1698 328 1744 praediClus
342 1697 400 1736 Fr.
422 1697 594 1733 Antonius
624 1697 663 1733 fit
684 1697 915 1735 restituendus
938 1727 963 1741 ‚‚
990 1726 1001 1736 .
1025 1701 1138 1737 Causa
1159 1714 1251 1738 nunc
1279 1701 1486 1748 proponitur
1503 1725 1513 1737 ‚
1539 1700 1574 1733 3<

96 1744 245 1791 disputat
273 1747 448 1781 Antonius
464 1744 597 1781 nullam
621 1745 719 1781 fuisse
735 1745 976 1782 Profeffionem
992 1749 1036 1783 ob
1048 1748 1120 1784 vim
1133 1775 1143 1789 ,
1176 1758 1374 1796 metumque
1389 1748 1420 1782 ei
1433 1749 1576 1783 illatum

98 1804 118 1828 a
143 1793 259 1828 Felice
284 1819 294 1833 ,
322 1794 353 1827 &
373 1806 391 1828 a
418 1793 519 1828 Duce
547 1791 739 1828 Calabritti
766 1806 778 1833 3
806 1794 888 1829 Vim
912 1804 1109 1843 metumque
1139 1796 1302 1833 Testibus
1327 1795 1453 1841 probat
1475 1809 1480 1827 :
1512 1804 1575 1827 ne-

97 1853 167 1923 1‘gne
190 1841 236 1876 ab
251 1841 390 1923 s(Rerine
405 1867 415 1881 ,
445 1851 557 1886 neque
573 1851 593 1874 a
618 1841 798 1885 Defensore
825 1842 1041 1887 Profeffionis
1070 1843 1230 1880 libellum
1245 1842 1430 1879 habuimus
1448 1868 1456 1878 .
1486 1840 1574 1876 Du—

128 1900 199 1923 1um
227 1900 246 1923 e
292 1913 301 1922 .

57 1936 164 1980 Anfit
177 1937 273 1972 locus
290 1935 497 1978 restitutioni
523 1936 558 1970 in
583 1942 755 1983 integrum
770 1938 803 1971 ἱη
824 1935 902 1980 casu
916 1941 1001 1975 &ca

151 2032 331 2078 NegatIve
345 2058 357 2070 .

60 2126 154 2209 A
170 2126 539 2166 LBINTIMILIEN.
564 2129 777 2166 UNIOle
807 2131 1141 2170 DECIMARUM:
1174 2134 1233 2177 Jus
1256 2135 1302 2172 est
1326 2133 1491 2181 Episcopo
1508 2157 1518 2171 ι
1543 2129 1578 2165 &

173 2174 349 2227 ‘Capitulo
361 2177 578 2213 Cathedralis
596 2178 754 2214 Ecclefiae
766 2180 1074 2217 Albintimiliensts
1087 2183 1330 2219 confirmatum
1343 2182 1469 2219 Literis
1481 2180 1581 2224 Apo-

105 2219 230 2274 stolicis
247 2223 457 2260 Summarum
486 2223 697 2261 Pontificum
715 2226 814 2263 Lucii
841 2226 986 2269 Tertii,
1015 2231 1048 2265 8<
1075 2228 1209 2265 Urbani
1234 2231 1363 2278 Qinti
1387 2224 1580 2274 colligendi

105 2267 254 2320 decimas
266 2281 332 2306 non
358 2273 396 2306 in
410 2272 481 2321 ipsa
496 2282 632 2309 tantum
651 2272 811 2309 Civitate
828 2275 1066 2312 Alb-intimilii
1080 2303 1090 2317 ‚
1121 2278 1177 2313 sed
1193 2278 1298 2314 etiam
1313 2279 1348 2314 in
1361 2278 1435 2313 0610
1454 2275 1579 2313 Locis,

107 2316 326 2367 oppidisque
352 2319 542 2356 Territorii
556 2346 566 2356 .
590 2320 671 2356 Hoc
685 2320 736 2363 ius
751 2321 936 2370 Episcopi,
960 2325 992 2360 &
1010 2325 1218 2371 Capitulum
1240 2328 1381 2373 antiqua
1396 2323 1583 2360 consuetu-

105 2361 186 2414 dine
206 2361 272 2399 five
285 2369 536 2404 commoditatis
549 2395 559 2408 ‚
589 2366 658 2403 slve
671 2369 837 2405 utilitatis
857 2373 968 2416 gratia
983 2373 1179 2408 introducta
1197 2373 1244 2409 ita
1257 2378 1485 2409 exercuerunt
1507 2393 1518 2407 ,
1543 2376 1582 2403 ut

104 2411 251 2445 decimas
274 2413 400 2464 unitim
425 2416 635 2463 colligerent
654 2442 664 2455 ‚
689 2415 782 2451 binis
811 2417 973 2463 quolibet
1002 2431 1092 2455 anno
1111 2420 1230 2457 eleetis
1255 2431 1327 2458 tum
1348 2423 1388 2456 ab
1415 2415 1584 2463 Ep1scop0

104 2466 177 2492 tum
190 2469 208 2492 a
233 2457 408 2503 Capitulo
424 2462 706 2499 Procuratoribus
720 2490 730 2505 ‚
754 2463 814 2510 qui
831 2475 898 2500 una
912 2465 1011 2502 simul
1026 2467 1220 2504 Civitatem
1238 2496 1248 2512 ,
1270 2471 1301 2504 δι
1322 2469 1415 2504 Loca
1430 2464 1584 2512 praedicta

105 2515 325 2559 peragrantes
350 2509 497 2545 decimas
524 2511 737 2558 colligerent
754 2538 764 2553 ‚
798 2511 1032 2560 collectasque
1060 2515 1096 2550 in
1122 2528 1229 2552 unum
1252 2517 1412 2552 horreum
1433 2523 1584 2558 repone·

104 2562 183 2588 rent
200 2578 210 2592 ,
235 2553 362 2590 &inde
387 2556 421 2591 in
440 2559 537 2609 ‘duas
555 2559 698 2604 aequales
721 2568 836 2606 partes
859 2561 1086 2604 dividerent,
1109 2575 1252 2612 quarum
1273 2564 1416 2601 alteram
1440 2559 1585 2605 Episco-

106 2610 151 2646 po
165 2625 175 2638 ,
201 2600 344 2639 alteram
358 2604 528 2649 Capitulo
545 2606 719 2642 traderent
772 2607 916 2644 Servata
938 2610 1009 2646 haec
1022 2612 1233 2647 consuetudo
1255 2611 1319 2647 fuit
1335 2614 1373 2648 ad
1387 2620 1514 2646 annum
1527 2606 1583 2643 us-

104 2657 170 2692 que
188 2653 287 2693 ¹716.
308 2675 318 2688 ‚
347 2663 418 2692 quo
431 2661 583 2698 tempore
601 2680 610 2692 ‚
637 2665 714 2689 cum
729 2656 806 2689 octo
824 2655 889 2690 illa
910 2657 1046 2703 Oppida
1061 2685 1071 2698 ‚
1099 2660 1132 2694 8<
1152 2661 1244 2696 Loca
1258 2659 1402 2695 decimas
1416 2654 1587 2702 capitulo

108 2693 261 2738 praestare
280 2697 481 2734 recusassent
497 2727 506 2739 ,
533 2702 589 2746 qui
608 2710 690 2736 tunc
707 2700 865 2739 Ecclesia·
889 2704 943 2739 illi
960 2715 1107 2751 praeerat
1125 2732 1135 2746 ,
1164 2707 1350 2756 Episcopus
1364 2734 1374 2747 ‚
1401 2718 1442 2741 ne
1459 2705 1585 2743 injure

107 2740 186 2781 suo,
213 2745 309 2789 quod
333 2747 372 2780 ab
385 2749 463 2781 οὲἲο
481 2748 626 2799 Qppidis
644 2776 653 2788 ‚
676 2748 841 2796 Locisque
867 2764 933 2788 non
960 2753 1233 2802 impugnabatur
1254 2783 1263 2796 ,
1292 2751 1490 2791 detrimenti
1517 2748 1589 2784 ali-

104 2789 185 2836 quid
209 2794 607 2876 capTeretXexIsocietate
623 2823 633 2836 ,
660 2798 691 2834 δι
707 2799 954 2836 communione
970 2813 1049 2837 cum
1076 2802 1249 2851 Capitulo
1266 2831 1274 2842 .
1304 2803 1406 2839 satius
1433 2797 1532 2849 dui-<it
1549 2797 1589 2832 ³5

288 2853 348 2876 om.
378 2849 416 2877 ’λ’
434 2866 444 2878 .
539 2875 543 2879 .
969 2849 1005 2884 A
1032 2859 1052 2885 2
1441 2856 1544 2882 umo'
