1945 3028
102 147 174 173 srat
196 136 359 171 defui-130
385 135 486 172 viro,
516 146 535 168 e
559 143 628 179 quo
654 128 1006 167 Alexandramfiliam
1027 130 1194 166 habuerat
1216 156 1223 166 .
1255 129 1302 165 Ex
1328 130 1381 164 his
1413 128 1573 166 secundis

105 186 230 229 nuptiis
254 194 347 217 orius
371 182 493 228 ,loseph
521 193 539 215 a
564 178 663 214 Costa
693 179 957 217 Vasconcellos,
982 178 1150 224 quintine
1173 177 1216 212 ab
1242 176 1308 213 EE.
1329 176 1390 213 PP.
1421 175 1570 218 postulat

107 234 141 268 in
156 235 323 278 integrum
337 229 468 266 restitui
492 227 648 264 adversus
664 226 825 271 temporis
842 226 994 272 lapsum,
1020 234 1055 260 ut
1080 226 1212 261 nullam
1235 225 1347 259 dicere
1366 224 1464 270 possit
1475 224 1570 260 Pro-

99 279 268 314 fertionem
287 305 296 318 ,
322 289 421 326 quam
449 274 557 311 emisit
582 274 616 309 vi
643 299 651 312 ,
678 284 844 319 metuque
867 287 886 309 a
913 273 1012 309 Patre
1037 273 1137 308 illato
1161 299 1169 308 .
1193 271 1342 307 Causam
1373 271 1567 308 coactionis

100 328 186 361 hanc
217 337 357 364 narrat,
389 326 477 371 quod
494 321 696 358 Parentibus
727 321 896 366 placuerit
927 320 1149 356 matrimonio
1173 320 1376 365 conjungere
1409 318 1567 366 fllacin-

100 375 194 407 thum
212 400 219 412 ,
247 377 277 408 ἃ
291 374 522 409 Alexandram
538 369 624 404 filios
640 369 793 412 priorum
807 369 1008 415 nuptiarum
1027 394 1036 407 ‚
1062 376 1168 414 atque
1186 369 1248 403 hac
1260 365 1438 402 occafione
1457 366 1564 410 Eques

101 421 243 460 joannes
273 419 462 467 Hyacinthi
480 418 577 454 Pater
590 417 771 451 maximam
784 427 889 460 opum
908 418 1041 451 suarum
1059 425 1194 461 partem
1209 415 1242 450 in
1263 426 1340 449 eum
1354 412 1564 452 contulerat,

100 480 138 502 ac
164 467 185 501 li
213 468 391 512 josephum
415 465 525 502 filium
540 465 681 500 alterum
704 476 769 499 non
783 462 998 512 suscepisset:
1023 462 1102 497 hinc
1114 463 1237 502 Pater,
1263 461 1294 496 ὅ(
1311 460 1402 495 filius
1429 471 1568 505 operam

100 526 234 549 omnem
263 515 502 552 collocarunt,
527 521 565 548 ut
587 511 707 556 joseph
732 511 980 551 Monasterium
1006 510 1242 556 ingrederetur
1258 533 1267 548 ‚
1293 510 1325 544 &
1352 508 1568 545 solemnem„

99 562 391 597 renunciationem
410 563 584 596 emitteret
602 559 698 594 bonis
718 560 876 595 omnibus
895 585 906 600 ‚
932 560 962 593 ἃ
979 559 1105 603 juribus
1119 557 1184 593 suis
1207 556 1324 593 favore
1353 555 1467 590 fratris
1483 579 1491 588 .
1520 555 1566 589 ll-

100 610 170 659 ξυπιι
192 609 306 655 itaque
334 610 435 644 frater
466 608 612 654 primum
638 606 753 651 aspero
778 607 879 642 vultu
908 608 1039 644 intueri
1062 632 1072 645 ,
1098 605 1201 640 vestes
1227 607 1422 650 denegare,
1444 602 1566 648 quibus

97 666 187 700 paris
204 659 322 702 gradus
347 657 580 694 adolescentes
597 654 646 688 uti
662 653 812 689 solebant
827 681 836 695 ,
865 654 946 689 inde
966 653 1165 689 verberibus
1181 653 1348 697 impetere
1363 649 1565 685 leviflirnam

96 713 344 750 quamcumque
374 705 487 740 nanus
514 701 743 738 occasionem:
775 701 872 736 Pater
900 701 1054 736 eamdem
1085 699 1247 747 ingressus
1263 700 1354 735 viam
1379 708 1459 732 curn
1474 708 1565 733 anno

101 757 203 796 1737.
218 750 341 787 Seffarn
361 750 566 790 advenisset,
605 751 640 785 Ρ,
658 748 840 784 Generalis
854 748 1133 784 cisterciensium
1161 750 1191 784 S.
1211 745 1374 785 Bernardi
1401 745 1566 791 Congre-

98 798 246 842 gationis
263 798 482 843 Portugalliae
496 798 638 844 josepho
654 795 778 833 indixit
793 822 802 837 ‚
829 797 912 832 utin
936 797 1035 831 illum
1051 793 1216 831 Ordinem
1231 795 1262 830 se
1277 794 1468 839 reciperet,
1494 791 1565 835 jus-

99 844 206 890 sitque
224 872 234 886 ‚
259 857 296 882 ut
317 845 437 881 Seffam
451 855 625 892 pergeret,
653 846 683 880 &
702 856 843 879 examen
868 843 1048 881 studiorum
1077 842 1227 883 subiret,
1250 841 1356 878 Patris
1385 838 1534 883 Imperio
1552 863 1565 877 ,

96 891 324 939 potestatique
337 891 492 929 obfistere
518 904 583 928 non
602 893 697 932 ausus
711 892 829 937 joseph
847 890 965 926 Sessam
979 891 1131 937 perrexit
1147 904 1157 930 ;
1184 892 1233 926 Ut
1252 900 1365 925 tamen
1389 898 1408 920 a
1433 885 1472 936 P.
1490 886 1562 920 Ge-

99 939 441 980 neralireiiceretur,
467 940 582 975 statuit
609 941 642 976 se
671 940 705 974 in
730 939 805 985 ipsis
821 938 1072 976 Grammatices
1098 935 1298 974 rudimentis
1325 936 1562 979 imperitum..

98 985 295 1029 ostendere,
321 988 374 1022 sed
396 999 513 1032 parum
527 987 559 1022 ei
585 987 694 1023 isthec
719 988 847 1031 profuit
874 986 1070 1025 calliditas,
1095 985 1203 1022 Patris
1227 985 1319 1021 enim
1344 980 1561 1020 sollicitudo,

99 1035 132 1069 δι
159 1033 272 1084 officia
292 1034 509 1073 difficultates
536 1046 653 1070 omns
674 1035 895 1080 superarunt:
925 1033 962 1068 P.
988 1033 1167 1071 Generalis
1189 1045 1266 1069 eum
1286 1031 1378 1066 inter
1402 1026 1564 1074 Tyrones

99 1091 252 1127 recipere
267 1081 410 1118 statuit.
436 1083 500 1117 His
527 1081 713 1128 a-Josepho
727 1081 891 1127 cognitiis
907 1108 915 1120 ‚
940 1081 1075 1115 Patrem
1100 1081 1304 1118 obsecrare,
1326 1074 1561 1121 obtestarique

99 1130 222 1172 caepit,
247 1141 288 1164 ne
313 1128 461 1165 invitum
487 1130 522 1164 in
540 1129 757 1176 Religionem
784 1128 999 1175 impelleret,
1025 1127 1124 1163 sacris
1147 1127 1283 1174 quidem
1311 1122 1502 1159 Ordinibus
1527 1121 1562 1156 se

98 1176 326 1212 lubentiffime
352 1175 630 1223 mancipaturum
647 1203 655 1214 ,
680 1175 772 1210 domi
788 1185 922 1211 tamen.
950 1185 1016 1208 non
1042 1174 1075 1209 in
1091 1174 1300 1212 Monastetio
1318 1198 1328 1211 ,
1352 1171 1482 1210 acuitis
1510 1172 1564 1204 vi-

98 1232 141 1258 1ae
161 1235 285 1268 genere
312 1222 537 1259 abhorrebat.
567 1223 666 1259 Irrita
692 1224 760 1257 hxc
774 1221 909 1261 fuerunt
926 1222 1066 1261 omnia,
1092 1224 1180 1258 male
1205 1220 1287 1257 tulit
1313 1219 1385 1253 haec
1416 1215 1475 1251 fibi
1490 1215 1563 1251 dari

100 1269 241 1305 consilia
266 1271 372 1306 iratus
388 1268 506 1311 Pater,
536 1272 570 1305 in
594 1270 828 1314 eiusimperio
848 1297 857 1309 ‚
880 1270 915 1305 ni
932 1270 1060 1307 Fratris
1092 1269 1270 1305 voluntati
1294 1264 1563 1311 obsequeretur,

99 1316 136 1351 in
150 1317 260 1353 lndias
277 1325 460 1365 pergeret,
486 1318 521 1354 in
537 1329 618 1365 quas
643 1316 881 1362 perditissimus
904 1316 1044 1364 quisque
1056 1317 1234 1366 deportari
1258 1313 1342 1350 solet
1361 1338 1370 1347 .
1398 1311 1477 1346 Hoc
1493 1321 1564 1344 tna-

98 1365 170 1399 lum
199 1374 236 1400 ut
261 1366 389 1412 sugeret
404 1364 525 1412 Joseph
543 1390 552 1403 ,
575 1363 816 1401 Monasterium
841 1363 999 1411 ingressus
1019 1364 1064 1400 est
1085 1365 1242 1410 ,praevia
1267 1371 1380 1396 tamen
1406 1357 1563 1393 declara-

96 1411 194 1446 tione
219 1412 372 1459 pluribus
398 1410 482 1446 facta
506 1413 545 1447 de
569 1413 629 1452 vi,
657 1412 688 1447 δι
705 1421 797 1446 metu
814 1438 824 1451 ,
849 1424 948 1458 quam
974 1413 1007 1447 ei
1023 1413 1146 1451 Pater,
1174 1409 1326 1446 &frater
1343 1405 1564 1445 inferebant,

97 1458 217 1504 eosque
239 1460 398 1506 rogavit,
423 1468 461 1495 ut
489 1460 758 1497 declarationem
784 1458 874 1494 suam
902 1468 1014 1493 mente
1035 1459 1256 1508 exciperent,
1281 1457 1313 1492 ὃ(
1338 1452 1565 1493 custodirent,

96 1516 137 1541 ut
147 1507 245 1543 Patre
260 1507 414 1546 defunCto
427 1533 437 1546 ‚
460 1508 633 1553 querelam
657 1506 749 1543 illati
763 1516 872 1544 metus
887 1518 1074 1554 proponere
1086 1535 1095 1548 ,
1125 1508 1157 1543 &
1175 1507 1314 1551 probare
1329 1499 1439 1548 poffet
1456 1525 1463 1532 .
1483 1501 1565 1534 An-

96 1564 146 1588 no
170 1556 379 1598 probationis
404 1553 445 1589 de
463 1556 501 1591 vi
525 1564 685 1600 metuque
698 1553 825 1601 pluries
841 1567 932 1591 cum·
948 1556 1114 1591 sodalibus
1139 1551 1274 1600 questus
1300 1550 1370 1587 est,
1395 1546 1566 1582 aversum-

96 1612 192 1647 quea
211 1601 401 1650 Religione
415 1603 567 1639 animum
590 1602 794 1649 apertissime
815 1603 981 1638 ostendit.
1008 1603 1150 1638 Certior
1174 1600 1277 1635 factus
1303 1598 1342 1631 de
1373 1595 1425 1629 his
1453 1593 1566 1630 omni·-

96 1647 157 1682 bus
183 1649 298 1685 Frater
315 1678 323 1689 ‚
349 1650 594 1690 Monasterium
611 1650 711 1696 petiit
725 1677 734 1691 ‚
760 1650 943 1697 josephum
958 1651 1147 1697 increpavit
1163 1675 1172 1688 ,
1198 1646 1299 1682 minis
1319 1642 1485 1678 deterruit
1505 1650 1564 1677 Jut

94 1693 220 1746 Fratre
245 1697 397 1733 adstante
414 1697 657 1737 Profeffionem
671 1697 840 1732 emiserit.
869 1696 946 1733 Post
972 1709 1046 1733 eam
1068 1695 1217 1732 emiss'am
1242 1691 1406 1729 abstinuit
1432 1690 1473 1725 ab
1485 1699 1565 1723 om-

95 1744 194 1779 nibus
214 1744 361 1781 Ordinis
385 1745 434 1782 sui
462 1747 679 1783 muneribus,
704 1744 776 1782 vim
802 1754 996 1792 metumque
1025 1745 1083 1781 sibi
1108 1745 1243 1780 illatum
1267 1738 1450 1775 MonachiS
1485 1736 1565 1772 abis

96 1791 228 1843 aperuit
244 1818 253 1832 ‚
282 1794 313 1828 &
329 1792 527 1838 protestatus
542 1793 587 1830 est
612 1793 703 1829 velle
719 1792 791 1836 post
811 1793 948 1827 obitum
963 1792 1072 1830 Patris
1096 1791 1262 1838 postulare
1290 1784 1566 1822 declarationem

99 1838 272 1875 nullitatis
295 1840 360 1876 suae
384 1840 623 1879 Professionis.
651 1839 711 1878 Ad
726 1840 875 1884 Ordines
901 1840 1018 1876 Sacros
1041 1847 1211 1886 promotus
1227 1835 1293 1872 fuit
1309 1832 1430 1878 absque
1457 1831 1567 1866 ulla.-

95 1885 338 1931 dispensatione
365 1913 375 1927 ‚
399 1888 547 1928 nondum
570 1887 735 1933 vigesimo
755 1886 866 1929 primo
891 1886 1001 1918 aetatis
1024 1897 1114 1918 anno
1140 1885 1306 1924 expleto,
1349 1880 1397 1911 ita
1421 1878 1566 1917 iubente

98 1933 304 1969 Monasterii
326 1934 484 1971 Praefecto
508 1934 558 1969 sui
583 1933 700 1968 fratris
716 1929 903 1966 Avunculo
924 1950 933 1960 .
963 1930 1044 1962 Haee
1069 1929 1136 1973 ipse
1161 1925 1311 1960 narravit
1335 1923 1371 1957 P.
1386 1922 1510 1967 joseph
1528 1925 1566 1958 in

96 1982 252 2016 examine
271 1980 403 2016 formali
427 1982 502 2015 acto
537 1991 651 2013 coram
682 1972 953 2012 Eminentiffimo
975 1974 1007 2009 S.
1028 1973 1072 2009 R.
1102 1974 1138 2007 E.
1153 1972 1330 2007 Cardinali
1362 1967 1469 2004 Urbis
1501 1970 1565 2004 Vi-

95 2027 187 2062 cario
203 2054 212 2067 ,
238 2039 312 2062 nam
329 2038 427 2063 morae
445 2025 621 2070 impatiens
637 2025 672 2059 P.
688 2021 808 2068 Joseph
831 2048 841 2062 ,
866 2021 950 2056 vivo
970 2021 1085 2056 adhuc
1104 2020 1202 2055 Patre
1219 2045 1228 2059 ,
1253 2019 1294 2052 ad
1310 2018 1371 2051 hoc
1385 2015 1461 2051 Sac.
1480 2014 1560 2052 Tri·

96 2074 201 2109 bunal
224 2074 399 2120 confugit3
429 2073 554 2108 Eadem
569 2073 697 2107 habent
730 2066 843 2104 sestes
858 2068 1015 2105 undecim
1040 2066 1129 2114 juss'u
1155 2064 1476 2104 EE.PP.formuer
1502 2075 1558 2103 re·

97 2121 224 2167 petiti3
243 2122 402 2161 Dubium
430 2122 546 2167 itaque
561 2132 650 2155 nunc
668 2117 871 2165 proponitur
887 2141 898 2151 .

54 2175 114 2208 §An
130 2169 175 2213 fit
198 2171 293 2209 locus
321 2170 528 2217 restitutioni
551 2171 585 2205 in
599 2171 768 2216 integrum
785 2166 820 2204 in
836 2164 913 2211 cafit
939 2168 1016 2203 &a

191 2280 463 2357 Negative
503 2285 519 2336 .'

137 2407 575 2450 *OROSEMPRONIEIQ
601 2404 969 2445 PRAELATIONIS:
995 2404 1089 2441 eum
1112 2415 1131 2441 a
1161 2400 1335 2440 sodalitio
1358 2398 1558 2437 Sanffiffimi
1621 2377 1840 2427 ⁸⁶ffi²⁵·⁶·¹¹·

149 2457 354 2494 Sacramenti
367 2459 482 2495 Terrae.
503 2459 532 2494 S.
549 2456 723 2502 Hippoliti
741 2453 929 2492 Diecaeseos
946 2449 1287 2498 Forosemproniensrs
1304 2449 1559 2485 alienandum..
1597 2432 1636 2468 ά*
1664 2427 1742 2476 R‘f·

100 2502 182 2539 ess'et
202 2503 366 2541 Praedium
379 2512 530 2544 ‘Petrara
547 2503 639 2542 inter
654 2503 844 2540 oblationes
862 2511 974 2537 emere
988 2500 1182 2537 volentium
1209 2497 1322 2534 habita
1345 2495 1392 2532 est
1420 2495 1559 2533 oblatio

101 2550 273 2586 Guidonis
298 2549 562 2594 UbaldiCiani‚
590 2553 647 2600 qui
669 2550 829 2587 offerebat
858 2550 890 2587 se
906 2561 957 2584 em
990 2557 1101 2584 turum
1124 2548 1210 2584 scut.
1231 2552 1306 2582 166.
1331 2550 1389 2580 66.
1418 2554 1559 2584 mezzo,

101 2600 197 2644 paeto
218 2607 330 2633 tamen
349 2599 480 2640 adiecto
503 2602 649 2646 pretium
676 2598 841 2636 retinendi
866 2622 876 2637 ‚
907 2598 940 2635 &
981 2597 1089 2632 ructus
1113 2593 1265 2631 solvendi
1298 2604 1340 2629 ex
1364 2589 1560 2638 dispositio—

103 2656 147 2680 ne
166 2645 314 2696 vulgatae
341 2652 418 2693 Leg.
436 2649 572 2684 curabit
585 2653 660 2686 &a
677 2649 716 2685 ad
738 2645 907 2683 rationem
922 2644 1007 2680 scut.
1022 2653 1055 2685 4.
1078 2654 1140 2689 pro
1156 2640 1352 2679 centenario
1364 2666 1374 2681 ,
1397 2640 1429 2674 &
1444 2650 1534 2673 anno
1548 2665 1559 2675 .

101 2692 304 2727 sodalitium
326 2692 438 2740 itaque
461 2695 516 2730 die
545 2707 574 2731 ι.
597 2695 802 2742 Septembris
825 2693 904 2729 anni
928 2703 1026 2738 1744.
1047 2691 1210 2735 ‚libellum
1238 2689 1367 2726 obtulit
1393 2713 1402 2727 ,
1428 2687 1553 2735 quibus

91 2742 234 2789 petebat
259 2739 455 2782 facultatem
479 2743 644 2782 vendendi
663 2741 775 2780 Giano
795 2741 896 2779 idern
915 2739 1108 2782 Prxdium,
1135 2737 1190 2777 sed
1216 2732 1513 2830 ‘esfflP‘ukaJ‘
1540 2745 1550 2768 ι

1473 2792 1510 2818 l-
