<?xml version="1.0" encoding="UTF-8"?>
<!DOCTYPE html PUBLIC "-//W3C//DTD XHTML 1.0 Transitional//EN"
    "http://www.w3.org/TR/xhtml1/DTD/xhtml1-transitional.dtd">
<html xmlns="http://www.w3.org/1999/xhtml" xml:lang="en" lang="en">
 <head>
  <title>
</title>
<meta http-equiv="Content-Type" content="text/html;charset=utf-8" />
  <meta name='ocr-system' content='tesseract 3.04.00' />
  <meta name='ocr-capabilities' content='ocr_page ocr_carea ocr_par ocr_line ocrx_word'/>
</head>
<body>
  <div class='ocr_page' id='page_1' title='image "./thesaurusresolut18cath_0261.png"; bbox 0 0 1977 3028; ppageno 0'>
   <div class='ocr_carea' id='block_1_1' title="bbox 48 100 1563 1956">
    <p class='ocr_par' dir='ltr' id='par_1_1' title="bbox 93 100 1563 804">
     <span class='ocr_line' id='line_1_1' title="bbox 1517 100 1561 142; baseline 0 0"><span class='ocrx_word' id='word_1_1' title='bbox 1517 100 1561 142; x_wconf 60' lang='lat'>6}</span> 
     </span>
     <span class='ocr_line' id='line_1_2' title="bbox 93 144 1563 198; baseline 0.004 -16"><span class='ocrx_word' id='word_1_2' title='bbox 93 160 196 198; x_wconf 62' lang='lat' dir='ltr'>quam</span> <span class='ocrx_word' id='word_1_3' title='bbox 214 146 413 194; x_wconf 58' lang='lat' dir='ltr'>expenabat</span> <span class='ocrx_word' id='word_1_4' title='bbox 430 171 440 188; x_wconf 79' lang='lat'>,</span> <span class='ocrx_word' id='word_1_5' title='bbox 462 145 672 184; x_wconf 70' lang='lat' dir='ltr'>occasionem</span> <span class='ocrx_word' id='word_1_6' title='bbox 684 144 830 183; x_wconf 78' lang='lat' dir='ltr'>hominis</span> <span class='ocrx_word' id='word_1_7' title='bbox 854 144 1060 195; x_wconf 82' lang='lat' dir='ltr'>sepelliendi</span> <span class='ocrx_word' id='word_1_8' title='bbox 1086 146 1123 185; x_wconf 80' lang='lat' dir='ltr'>in</span> <span class='ocrx_word' id='word_1_9' title='bbox 1146 146 1298 187; x_wconf 72' lang='lat' dir='ltr'>Ecciefia</span> <span class='ocrx_word' id='word_1_10' title='bbox 1321 150 1487 194; x_wconf 72' lang='lat' dir='ltr'>Parrum,</span> <span class='ocrx_word' id='word_1_11' title='bbox 1508 165 1563 190; x_wconf 84' lang='lat' dir='ltr'>re-</span> 
     </span>
     <span class='ocr_line' id='line_1_3' title="bbox 95 194 1561 244; baseline 0 -12"><span class='ocrx_word' id='word_1_12' title='bbox 95 198 256 242; x_wconf 84' lang='lat' dir='ltr'>scriptum</span> <span class='ocrx_word' id='word_1_13' title='bbox 268 194 379 231; x_wconf 81' lang='lat' dir='ltr'>edidit</span> <span class='ocrx_word' id='word_1_14' title='bbox 394 218 405 230; x_wconf 87' lang='lat'><strong>.</strong></span> <span class='ocrx_word' id='word_1_15' title='bbox 430 196 596 242; x_wconf 86' lang='lat' dir='ltr'>petiitque</span> <span class='ocrx_word' id='word_1_16' title='bbox 609 196 651 231; x_wconf 94' lang='lat' dir='ltr'>ab</span> <span class='ocrx_word' id='word_1_17' title='bbox 667 195 833 241; x_wconf 79' lang='lat' dir='ltr'>Episcopo</span> <span class='ocrx_word' id='word_1_18' title='bbox 846 221 856 234; x_wconf 94' lang='lat'><strong>,</strong></span> <span class='ocrx_word' id='word_1_19' title='bbox 880 204 917 230; x_wconf 91' lang='lat' dir='ltr'>ut</span> <span class='ocrx_word' id='word_1_20' title='bbox 940 195 1053 232; x_wconf 82' lang='lat' dir='ltr'>Patres</span> <span class='ocrx_word' id='word_1_21' title='bbox 1077 199 1117 232; x_wconf 86' lang='lat' dir='ltr'>ad</span> <span class='ocrx_word' id='word_1_22' title='bbox 1136 200 1307 244; x_wconf 82' lang='lat' dir='ltr'>Qartam</span> <span class='ocrx_word' id='word_1_23' title='bbox 1337 201 1561 237; x_wconf 79' lang='lat' dir='ltr'>Funerariam</span> 
     </span>
     <span class='ocr_line' id='line_1_4' title="bbox 94 242 1561 294; baseline 0.003 -15"><span class='ocrx_word' id='word_1_24' title='bbox 94 243 312 292; x_wconf 82' lang='lat' dir='ltr'>praestandam</span> <span class='ocrx_word' id='word_1_25' title='bbox 327 243 622 290; x_wconf 84' lang='lat' dir='ltr'>compellerentur</span> <span class='ocrx_word' id='word_1_26' title='bbox 634 270 645 284; x_wconf 92' lang='lat'>,</span> <span class='ocrx_word' id='word_1_27' title='bbox 672 243 889 288; x_wconf 77' lang='lat' dir='ltr'>obtinuitque</span> <span class='ocrx_word' id='word_1_28' title='bbox 903 244 946 277; x_wconf 89' lang='lat' dir='ltr'>ab</span> <span class='ocrx_word' id='word_1_29' title='bbox 972 242 1137 290; x_wconf 82' lang='lat' dir='ltr'>Episcopo</span> <span class='ocrx_word' id='word_1_30' title='bbox 1152 270 1162 281; x_wconf 83' lang='grc'><strong>.</strong></span> <span class='ocrx_word' id='word_1_31' title='bbox 1189 247 1306 282; x_wconf 78' lang='lat' dir='ltr'>Patres</span> <span class='ocrx_word' id='word_1_32' title='bbox 1330 249 1389 294; x_wconf 80' lang='lat' dir='ltr'>qui</span> <span class='ocrx_word' id='word_1_33' title='bbox 1403 249 1493 284; x_wconf 88' lang='lat' dir='ltr'>nihil</span> <span class='ocrx_word' id='word_1_34' title='bbox 1507 261 1561 285; x_wconf 86' lang='lat' dir='ltr'>re—</span> 
     </span>
     <span class='ocr_line' id='line_1_5' title="bbox 96 290 1561 343; baseline -0.003 -14"><span class='ocrx_word' id='word_1_35' title='bbox 96 292 269 330; x_wconf 81' lang='lat' dir='ltr'>sciverant</span> <span class='ocrx_word' id='word_1_36' title='bbox 285 318 295 331; x_wconf 89' lang='lat'><strong>,</strong></span> <span class='ocrx_word' id='word_1_37' title='bbox 319 293 358 327; x_wconf 89' lang='lat' dir='ltr'>ad</span> <span class='ocrx_word' id='word_1_38' title='bbox 374 290 659 326; x_wconf 80' lang='lat' dir='ltr'>Eminentiffimos</span> <span class='ocrx_word' id='word_1_39' title='bbox 688 292 802 326; x_wconf 86' lang='lat' dir='ltr'>Patres</span> <span class='ocrx_word' id='word_1_40' title='bbox 829 290 1055 336; x_wconf 84' lang='lat' dir='ltr'>confugerunt</span> <span class='ocrx_word' id='word_1_41' title='bbox 1070 317 1080 331; x_wconf 81' lang='lat'><em>‚</em></span> <span class='ocrx_word' id='word_1_42' title='bbox 1104 304 1142 327; x_wconf 91' lang='lat' dir='ltr'>ut</span> <span class='ocrx_word' id='word_1_43' title='bbox 1164 293 1227 327; x_wconf 83' lang='lat' dir='ltr'>hac</span> <span class='ocrx_word' id='word_1_44' title='bbox 1248 298 1286 328; x_wconf 85' lang='lat' dir='ltr'>de</span> <span class='ocrx_word' id='word_1_45' title='bbox 1314 306 1350 330; x_wconf 86' lang='lat' dir='ltr'>re</span> <span class='ocrx_word' id='word_1_46' title='bbox 1376 296 1561 343; x_wconf 76' lang='lat' dir='ltr'>coguosce-</span> 
     </span>
     <span class='ocr_line' id='line_1_6' title="bbox 96 338 1561 388; baseline 0.002 -12"><span class='ocrx_word' id='word_1_47' title='bbox 96 349 175 377; x_wconf 73' lang='lat' dir='ltr'>:ent</span> <span class='ocrx_word' id='word_1_48' title='bbox 191 367 198 375; x_wconf 93' lang='lat'>.</span> <span class='ocrx_word' id='word_1_49' title='bbox 223 338 333 374; x_wconf 86' lang='lat' dir='ltr'>Causa</span> <span class='ocrx_word' id='word_1_50' title='bbox 347 348 436 374; x_wconf 88' lang='lat' dir='ltr'>nunc</span> <span class='ocrx_word' id='word_1_51' title='bbox 461 338 686 385; x_wconf 84' lang='lat' dir='ltr'>proponitur,</span> <span class='ocrx_word' id='word_1_52' title='bbox 714 340 745 372; x_wconf 75' lang='grc' dir='ltr'>ἃ</span> <span class='ocrx_word' id='word_1_53' title='bbox 763 338 882 373; x_wconf 83' lang='lat' dir='ltr'>Patres</span> <span class='ocrx_word' id='word_1_54' title='bbox 909 348 1029 384; x_wconf 81' lang='lat' dir='ltr'>urgent</span> <span class='ocrx_word' id='word_1_55' title='bbox 1053 350 1212 379; x_wconf 89' lang='lat' dir='ltr'>centum,</span> <span class='ocrx_word' id='word_1_56' title='bbox 1242 342 1274 375; x_wconf 87' lang='lat'>&amp;</span> <span class='ocrx_word' id='word_1_57' title='bbox 1299 343 1492 388; x_wconf 88' lang='lat' dir='ltr'>quindecim</span> <span class='ocrx_word' id='word_1_58' title='bbox 1515 345 1561 381; x_wconf 86' lang='lat' dir='ltr'>ab</span> 
     </span>
     <span class='ocr_line' id='line_1_7' title="bbox 97 384 1560 433; baseline 0.002 -10"><span class='ocrx_word' id='word_1_59' title='bbox 97 388 180 424; x_wconf 83' lang='lat' dir='ltr'>hinc</span> <span class='ocrx_word' id='word_1_60' title='bbox 193 387 292 422; x_wconf 88' lang='lat' dir='ltr'>annis</span> <span class='ocrx_word' id='word_1_61' title='bbox 307 385 517 421; x_wconf 83' lang='lat' dir='ltr'>Sententiam</span> <span class='ocrx_word' id='word_1_62' title='bbox 533 386 636 420; x_wconf 84' lang='lat' dir='ltr'>latam</span> <span class='ocrx_word' id='word_1_63' title='bbox 655 384 750 421; x_wconf 79' lang='lat' dir='ltr'>fuisse</span> <span class='ocrx_word' id='word_1_64' title='bbox 762 387 803 421; x_wconf 89' lang='lat' dir='ltr'>ab</span> <span class='ocrx_word' id='word_1_65' title='bbox 816 386 863 420; x_wconf 90' lang='lat' dir='ltr'>A.</span> <span class='ocrx_word' id='word_1_66' title='bbox 879 385 922 419; x_wconf 89' lang='lat' dir='ltr'>C.</span> <span class='ocrx_word' id='word_1_67' title='bbox 938 410 949 424; x_wconf 88' lang='lat'>‚</span> <span class='ocrx_word' id='word_1_68' title='bbox 973 397 1046 431; x_wconf 82' lang='lat' dir='ltr'>quae</span> <span class='ocrx_word' id='word_1_69' title='bbox 1058 387 1093 421; x_wconf 92' lang='lat' dir='ltr'>in</span> <span class='ocrx_word' id='word_1_70' title='bbox 1109 398 1178 423; x_wconf 90' lang='lat' dir='ltr'>rem</span> <span class='ocrx_word' id='word_1_71' title='bbox 1196 388 1385 430; x_wconf 74' lang='lat' dir='ltr'>judicatam</span> <span class='ocrx_word' id='word_1_72' title='bbox 1401 390 1533 426; x_wconf 79' lang='lat' dir='ltr'>transiit</span> <span class='ocrx_word' id='word_1_73' title='bbox 1547 419 1560 433; x_wconf 87' lang='lat'>,</span> 
     </span>
     <span class='ocr_line' id='line_1_8' title="bbox 98 431 1560 483; baseline 0.001 -12"><span class='ocrx_word' id='word_1_74' title='bbox 98 438 130 471; x_wconf 71' lang='grc' dir='ltr'>δι</span> <span class='ocrx_word' id='word_1_75' title='bbox 145 446 213 482; x_wconf 84' lang='lat' dir='ltr'>qua</span> <span class='ocrx_word' id='word_1_76' title='bbox 225 431 406 470; x_wconf 78' lang='lat' dir='ltr'>definitum</span> <span class='ocrx_word' id='word_1_77' title='bbox 420 439 458 462; x_wconf 70' lang='grc' dir='ltr'>ὲ·</span> <span class='ocrx_word' id='word_1_78' title='bbox 470 433 559 482; x_wconf 88' lang='lat' dir='ltr'>Ipsos</span> <span class='ocrx_word' id='word_1_79' title='bbox 576 438 718 471; x_wconf 74' lang='lat' dir='ltr'>Fratres</span> <span class='ocrx_word' id='word_1_80' title='bbox 729 461 739 474; x_wconf 90' lang='lat'>,</span> <span class='ocrx_word' id='word_1_81' title='bbox 769 439 813 471; x_wconf 54' lang='grc' dir='ltr'><em>Θ</em></span> <span class='ocrx_word' id='word_1_82' title='bbox 829 439 1037 470; x_wconf 81' lang='lat' dir='ltr'>Conventum</span> <span class='ocrx_word' id='word_1_83' title='bbox 1064 447 1126 471; x_wconf 85' lang='lat' dir='ltr'>non</span> <span class='ocrx_word' id='word_1_84' title='bbox 1145 438 1259 474; x_wconf 84' lang='lat' dir='ltr'>teneri</span> <span class='ocrx_word' id='word_1_85' title='bbox 1271 461 1281 476; x_wconf 83' lang='lat'>‚</span> <span class='ocrx_word' id='word_1_86' title='bbox 1309 450 1369 473; x_wconf 84' lang='lat' dir='ltr'>nec</span> <span class='ocrx_word' id='word_1_87' title='bbox 1385 437 1560 483; x_wconf 76' lang='lat' dir='ltr'>obligatos</span> 
     </span>
     <span class='ocr_line' id='line_1_9' title="bbox 94 480 1560 531; baseline 0.002 -12"><span class='ocrx_word' id='word_1_88' title='bbox 94 483 195 529; x_wconf 75' lang='lat' dir='ltr'>fuisse</span> <span class='ocrx_word' id='word_1_89' title='bbox 208 509 218 523; x_wconf 93' lang='lat'>,</span> <span class='ocrx_word' id='word_1_90' title='bbox 239 495 299 518; x_wconf 87' lang='lat' dir='ltr'>nec</span> <span class='ocrx_word' id='word_1_91' title='bbox 313 480 373 528; x_wconf 68' lang='lat' dir='ltr'>effe</span> <span class='ocrx_word' id='word_1_92' title='bbox 388 483 431 517; x_wconf 81' lang='lat' dir='ltr'>ad</span> <span class='ocrx_word' id='word_1_93' title='bbox 440 481 647 526; x_wconf 69' lang='lat' dir='ltr'>solutionem</span> <span class='ocrx_word' id='word_1_94' title='bbox 662 483 804 518; x_wconf 81' lang='lat' dir='ltr'>dandam</span> <span class='ocrx_word' id='word_1_95' title='bbox 816 505 829 521; x_wconf 83' lang='lat'>,</span> <span class='ocrx_word' id='word_1_96' title='bbox 854 493 914 516; x_wconf 85' lang='lat' dir='ltr'>nec</span> <span class='ocrx_word' id='word_1_97' title='bbox 927 485 1112 529; x_wconf 83' lang='lat' dir='ltr'>quicquam</span> <span class='ocrx_word' id='word_1_98' title='bbox 1122 481 1344 531; x_wconf 72' lang='lat' dir='ltr'>praeslandam</span> <span class='ocrx_word' id='word_1_99' title='bbox 1370 486 1457 519; x_wconf 64' lang='lat' dir='ltr'>dieto</span> <span class='ocrx_word' id='word_1_100' title='bbox 1471 487 1560 522; x_wconf 83' lang='lat' dir='ltr'>Ple·</span> 
     </span>
     <span class='ocr_line' id='line_1_10' title="bbox 99 530 1559 581; baseline -0.001 -13"><span class='ocrx_word' id='word_1_101' title='bbox 99 531 185 568; x_wconf 89' lang='lat' dir='ltr'>bano</span> <span class='ocrx_word' id='word_1_102' title='bbox 194 542 262 578; x_wconf 84' lang='lat' dir='ltr'>pro</span> <span class='ocrx_word' id='word_1_103' title='bbox 277 533 415 581; x_wconf 66' lang='lat' dir='ltr'>Qtarta</span> <span class='ocrx_word' id='word_1_104' title='bbox 431 555 443 569; x_wconf 83' lang='lat'>‚</span> <span class='ocrx_word' id='word_1_105' title='bbox 464 532 508 566; x_wconf 71' lang='lat'>&amp;¹</span> <span class='ocrx_word' id='word_1_106' title='bbox 526 531 657 566; x_wconf 82' lang='lat' dir='ltr'>nomine</span> <span class='ocrx_word' id='word_1_107' title='bbox 670 533 812 576; x_wconf 55' lang='lat' dir='ltr'>Quartae</span> <span class='ocrx_word' id='word_1_108' title='bbox 839 530 1057 565; x_wconf 74' lang='lat' dir='ltr'>Funeralium</span> <span class='ocrx_word' id='word_1_109' title='bbox 1075 556 1085 570; x_wconf 94' lang='lat'>,</span> <span class='ocrx_word' id='word_1_110' title='bbox 1111 543 1182 578; x_wconf 76' lang='lat' dir='ltr'>quae</span> <span class='ocrx_word' id='word_1_111' title='bbox 1196 532 1240 565; x_wconf 87' lang='lat' dir='ltr'>ad</span> <span class='ocrx_word' id='word_1_112' title='bbox 1266 544 1324 568; x_wconf 86' lang='lat' dir='ltr'>eos</span> <span class='ocrx_word' id='word_1_113' title='bbox 1342 557 1353 573; x_wconf 84' lang='lat'>,</span> <span class='ocrx_word' id='word_1_114' title='bbox 1374 543 1559 578; x_wconf 81' lang='lat' dir='ltr'>eorumque</span> 
     </span>
     <span class='ocr_line' id='line_1_11' title="bbox 104 577 1560 626; baseline -0.006 -11"><span class='ocrx_word' id='word_1_115' title='bbox 104 585 313 615; x_wconf 68' lang='lat' dir='ltr'>conventum</span> <span class='ocrx_word' id='word_1_116' title='bbox 340 577 444 624; x_wconf 85' lang='lat' dir='ltr'>usque</span> <span class='ocrx_word' id='word_1_117' title='bbox 460 588 546 612; x_wconf 84' lang='lat' dir='ltr'>nunc</span> <span class='ocrx_word' id='word_1_118' title='bbox 566 577 818 622; x_wconf 80' lang='lat' dir='ltr'><em>quomodolibet</em></span> <span class='ocrx_word' id='word_1_119' title='bbox 832 585 1093 622; x_wconf 77' lang='lat' dir='ltr'>provenerunt,</span> <span class='ocrx_word' id='word_1_120' title='bbox 1116 582 1159 616; x_wconf 52' lang='grc' dir='ltr'><strong><em>ψ</em></strong></span> <span class='ocrx_word' id='word_1_121' title='bbox 1191 581 1228 614; x_wconf 84' lang='lat' dir='ltr'>in</span> <span class='ocrx_word' id='word_1_122' title='bbox 1248 578 1404 622; x_wconf 60' lang='lat' dir='ltr'>futurum</span> <span class='ocrx_word' id='word_1_123' title='bbox 1426 586 1560 626; x_wconf 56' lang='lat' dir='ltr'>prome-</span> 
     </span>
     <span class='ocr_line' id='line_1_12' title="bbox 100 621 1559 668; baseline -0.001 -5"><span class='ocrx_word' id='word_1_124' title='bbox 100 631 198 663; x_wconf 83' lang='lat' dir='ltr'>nient</span> <span class='ocrx_word' id='word_1_125' title='bbox 211 647 223 660; x_wconf 84' lang='grc'><strong>.</strong></span> <span class='ocrx_word' id='word_1_126' title='bbox 249 624 359 659; x_wconf 83' lang='grc' dir='ltr'>Λ11110</span> <span class='ocrx_word' id='word_1_127' title='bbox 375 631 473 668; x_wconf 83' lang='grc'>1700.</span> <span class='ocrx_word' id='word_1_128' title='bbox 487 621 672 660; x_wconf 87' lang='lat' dir='ltr'>Plebanum</span> <span class='ocrx_word' id='word_1_129' title='bbox 688 624 776 659; x_wconf 83' lang='lat' dir='ltr'>hanc</span> <span class='ocrx_word' id='word_1_130' title='bbox 798 625 920 659; x_wconf 87' lang='lat' dir='ltr'>iterum</span> <span class='ocrx_word' id='word_1_131' title='bbox 943 623 1087 661; x_wconf 85' lang='lat' dir='ltr'>movisse</span> <span class='ocrx_word' id='word_1_132' title='bbox 1114 625 1381 662; x_wconf 81' lang='lat' dir='ltr'>controversiam</span> <span class='ocrx_word' id='word_1_133' title='bbox 1396 653 1406 666; x_wconf 93' lang='lat'>‚</span> <span class='ocrx_word' id='word_1_134' title='bbox 1430 625 1484 660; x_wconf 86' lang='lat' dir='ltr'>sed</span> <span class='ocrx_word' id='word_1_135' title='bbox 1499 626 1559 662; x_wconf 83' lang='lat' dir='ltr'>ubi</span> 
     </span>
     <span class='ocr_line' id='line_1_13' title="bbox 96 669 1558 719; baseline -0.001 -10"><span class='ocrx_word' id='word_1_136' title='bbox 96 671 308 710; x_wconf 81' lang='lat' dir='ltr'>Sententiam</span> <span class='ocrx_word' id='word_1_137' title='bbox 331 671 437 711; x_wconf 80' lang='lat' dir='ltr'>vidit,</span> <span class='ocrx_word' id='word_1_138' title='bbox 461 669 625 707; x_wconf 81' lang='lat' dir='ltr'>tacuiffe.</span> <span class='ocrx_word' id='word_1_139' title='bbox 659 672 863 707; x_wconf 85' lang='lat' dir='ltr'>Servandam</span> <span class='ocrx_word' id='word_1_140' title='bbox 893 671 998 717; x_wconf 88' lang='lat' dir='ltr'>igitur</span> <span class='ocrx_word' id='word_1_141' title='bbox 1021 670 1086 708; x_wconf 81' lang='lat' dir='ltr'>effe</span> <span class='ocrx_word' id='word_1_142' title='bbox 1115 683 1184 708; x_wconf 89' lang='lat' dir='ltr'>rem</span> <span class='ocrx_word' id='word_1_143' title='bbox 1206 673 1397 716; x_wconf 76' lang='lat' dir='ltr'>judicatam</span> <span class='ocrx_word' id='word_1_144' title='bbox 1414 698 1424 712; x_wconf 90' lang='lat'><strong>,</strong></span> <span class='ocrx_word' id='word_1_145' title='bbox 1448 685 1558 719; x_wconf 89' lang='lat' dir='ltr'>neque</span> 
     </span>
     <span class='ocr_line' id='line_1_14' title="bbox 97 717 1558 767; baseline 0 -11"><span class='ocrx_word' id='word_1_146' title='bbox 97 720 163 756; x_wconf 80' lang='lat' dir='ltr'>esse</span> <span class='ocrx_word' id='word_1_147' title='bbox 177 720 387 756; x_wconf 72' lang='lat' dir='ltr'>retractanda</span> <span class='ocrx_word' id='word_1_148' title='bbox 399 742 410 757; x_wconf 91' lang='lat'>‚</span> <span class='ocrx_word' id='word_1_149' title='bbox 432 729 505 764; x_wconf 85' lang='lat' dir='ltr'>quae</span> <span class='ocrx_word' id='word_1_150' title='bbox 522 718 623 755; x_wconf 90' lang='lat' dir='ltr'>semel</span> <span class='ocrx_word' id='word_1_151' title='bbox 637 719 673 754; x_wconf 88' lang='lat' dir='ltr'>in</span> <span class='ocrx_word' id='word_1_152' title='bbox 699 717 831 760; x_wconf 84' lang='lat' dir='ltr'>Judicio</span> <span class='ocrx_word' id='word_1_153' title='bbox 846 728 964 754; x_wconf 86' lang='lat' dir='ltr'>contra</span> <span class='ocrx_word' id='word_1_154' title='bbox 979 720 1178 767; x_wconf 86' lang='lat' dir='ltr'>legitimum</span> <span class='ocrx_word' id='word_1_155' title='bbox 1192 720 1483 757; x_wconf 63' lang='lat' dir='ltr'>contradictorem</span> <span class='ocrx_word' id='word_1_156' title='bbox 1497 721 1558 756; x_wconf 85' lang='lat' dir='ltr'>de-</span> 
     </span>
     <span class='ocr_line' id='line_1_15' title="bbox 96 767 370 804; baseline -0.015 0"><span class='ocrx_word' id='word_1_157' title='bbox 96 767 195 804; x_wconf 83' lang='lat' dir='ltr'>finita</span> <span class='ocrx_word' id='word_1_158' title='bbox 209 767 349 803; x_wconf 87' lang='lat' dir='ltr'>fuerunt</span> <span class='ocrx_word' id='word_1_159' title='bbox 361 791 370 800; x_wconf 89' lang='lat'><strong>.</strong></span> 
     </span>
    </p>

    <p class='ocr_par' dir='ltr' id='par_1_2' title="bbox 50 812 1560 1893">
     <span class='ocr_line' id='line_1_16' title="bbox 50 812 1559 862; baseline -0.001 -11"><span class='ocrx_word' id='word_1_160' title='bbox 50 815 189 854; x_wconf 77' lang='lat' dir='ltr'>Frustra</span> <span class='ocrx_word' id='word_1_161' title='bbox 200 815 306 862; x_wconf 87' lang='lat' dir='ltr'>igitur</span> <span class='ocrx_word' id='word_1_162' title='bbox 321 812 509 849; x_wconf 74' lang='lat' dir='ltr'>plebanum</span> <span class='ocrx_word' id='word_1_163' title='bbox 534 813 602 850; x_wconf 89' lang='lat' dir='ltr'>niti</span> <span class='ocrx_word' id='word_1_164' title='bbox 615 814 865 851; x_wconf 75' lang='lat' dir='ltr'>Constitutione</span> <span class='ocrx_word' id='word_1_165' title='bbox 881 812 1094 850; x_wconf 75' lang='lat' dir='ltr'>Benedictina</span> <span class='ocrx_word' id='word_1_166' title='bbox 1110 841 1119 853; x_wconf 91' lang='lat'>,</span> <span class='ocrx_word' id='word_1_167' title='bbox 1144 815 1240 857; x_wconf 78' lang='lat' dir='ltr'>cuius</span> <span class='ocrx_word' id='word_1_168' title='bbox 1261 815 1400 851; x_wconf 86' lang='lat' dir='ltr'>initium</span> <span class='ocrx_word' id='word_1_169' title='bbox 1426 813 1472 850; x_wconf 81' lang='lat' dir='ltr'>est</span> <span class='ocrx_word' id='word_1_170' title='bbox 1490 822 1559 860; x_wconf 77' lang='lat' dir='ltr'>Ro-</span> 
     </span>
     <span class='ocr_line' id='line_1_17' title="bbox 96 861 1557 909; baseline -0.001 -10"><span class='ocrx_word' id='word_1_171' title='bbox 96 876 215 901; x_wconf 87' lang='lat' dir='ltr'>manus</span> <span class='ocrx_word' id='word_1_172' title='bbox 231 862 395 905; x_wconf 79' lang='lat' dir='ltr'>Pontifex</span> <span class='ocrx_word' id='word_1_173' title='bbox 408 872 420 900; x_wconf 81' lang='lat'>3</span> <span class='ocrx_word' id='word_1_174' title='bbox 441 872 509 897; x_wconf 86' lang='lat' dir='ltr'>non</span> <span class='ocrx_word' id='word_1_175' title='bbox 521 863 615 897; x_wconf 87' lang='lat' dir='ltr'>enim</span> <span class='ocrx_word' id='word_1_176' title='bbox 629 863 745 899; x_wconf 76' lang='lat' dir='ltr'>Patres</span> <span class='ocrx_word' id='word_1_177' title='bbox 759 861 1010 898; x_wconf 88' lang='lat' dir='ltr'>immunitatem</span> <span class='ocrx_word' id='word_1_178' title='bbox 1025 873 1042 896; x_wconf 90' lang='lat' dir='ltr'>a</span> <span class='ocrx_word' id='word_1_179' title='bbox 1058 861 1273 909; x_wconf 59' lang='lat' dir='ltr'>prestatione</span> <span class='ocrx_word' id='word_1_180' title='bbox 1287 864 1428 909; x_wconf 72' lang='lat' dir='ltr'>Qartae</span> <span class='ocrx_word' id='word_1_181' title='bbox 1445 862 1557 897; x_wconf 87' lang='lat' dir='ltr'>Fune-</span> 
     </span>
     <span class='ocr_line' id='line_1_18' title="bbox 94 907 1558 958; baseline -0.001 -11"><span class='ocrx_word' id='word_1_182' title='bbox 94 911 195 947; x_wconf 79' lang='lat' dir='ltr'>rariae</span> <span class='ocrx_word' id='word_1_183' title='bbox 210 909 271 945; x_wconf 86' lang='lat' dir='ltr'>fibi</span> <span class='ocrx_word' id='word_1_184' title='bbox 284 907 464 945; x_wconf 88' lang='lat' dir='ltr'>vindicant</span> <span class='ocrx_word' id='word_1_185' title='bbox 480 909 722 958; x_wconf 81' lang='lat' dir='ltr'>exprivilegio</span> <span class='ocrx_word' id='word_1_186' title='bbox 735 909 881 946; x_wconf 79' lang='lat' dir='ltr'>Ordinis</span> <span class='ocrx_word' id='word_1_187' title='bbox 894 933 904 948; x_wconf 84' lang='lat'>‚</span> <span class='ocrx_word' id='word_1_188' title='bbox 929 920 995 956; x_wconf 88' lang='lat' dir='ltr'>quo</span> <span class='ocrx_word' id='word_1_189' title='bbox 1020 910 1097 945; x_wconf 84' lang='lat' dir='ltr'>casu</span> <span class='ocrx_word' id='word_1_190' title='bbox 1121 915 1215 945; x_wconf 81' lang='lat' dir='ltr'>locus</span> <span class='ocrx_word' id='word_1_191' title='bbox 1240 909 1322 944; x_wconf 87' lang='lat' dir='ltr'>esset</span> <span class='ocrx_word' id='word_1_192' title='bbox 1345 909 1558 954; x_wconf 69' lang='lat' dir='ltr'>dispositioni</span> 
     </span>
     <span class='ocr_line' id='line_1_19' title="bbox 96 954 1558 1005; baseline -0.002 -11"><span class='ocrx_word' id='word_1_193' title='bbox 96 956 363 994; x_wconf 80' lang='lat' dir='ltr'>constitutionis</span> <span class='ocrx_word' id='word_1_194' title='bbox 376 954 604 992; x_wconf 76' lang='lat' dir='ltr'>Benedifflnae</span> <span class='ocrx_word' id='word_1_195' title='bbox 616 983 628 996; x_wconf 90' lang='lat'>‚</span> <span class='ocrx_word' id='word_1_196' title='bbox 653 969 716 1005; x_wconf 86' lang='lat' dir='ltr'>qua</span> <span class='ocrx_word' id='word_1_197' title='bbox 733 964 893 994; x_wconf 85' lang='lat' dir='ltr'>revocata</span> <span class='ocrx_word' id='word_1_198' title='bbox 909 955 1048 992; x_wconf 87' lang='lat' dir='ltr'>fuerunt</span> <span class='ocrx_word' id='word_1_199' title='bbox 1068 957 1255 1003; x_wconf 74' lang='lat' dir='ltr'>Priwlegia</span> <span class='ocrx_word' id='word_1_200' title='bbox 1272 958 1385 992; x_wconf 85' lang='lat' dir='ltr'>omnia</span> <span class='ocrx_word' id='word_1_201' title='bbox 1400 957 1558 1003; x_wconf 84' lang='lat' dir='ltr'>Regula-</span> 
     </span>
     <span class='ocr_line' id='line_1_20' title="bbox 94 1002 1557 1051; baseline -0.001 -11"><span class='ocrx_word' id='word_1_202' title='bbox 94 1006 189 1043; x_wconf 78' lang='lat' dir='ltr'>ribus</span> <span class='ocrx_word' id='word_1_203' title='bbox 204 1003 390 1041; x_wconf 82' lang='lat' dir='ltr'>Ordinibus</span> <span class='ocrx_word' id='word_1_204' title='bbox 403 1003 533 1039; x_wconf 87' lang='lat' dir='ltr'>indulta</span> <span class='ocrx_word' id='word_1_205' title='bbox 549 1002 603 1039; x_wconf 87' lang='lat' dir='ltr'>sed</span> <span class='ocrx_word' id='word_1_206' title='bbox 616 1016 660 1040; x_wconf 83' lang='lat' dir='ltr'>ex</span> <span class='ocrx_word' id='word_1_207' title='bbox 676 1004 879 1050; x_wconf 76' lang='lat' dir='ltr'>rejudicata</span> <span class='ocrx_word' id='word_1_208' title='bbox 893 1029 903 1044; x_wconf 87' lang='lat'>‚</span> <span class='ocrx_word' id='word_1_209' title='bbox 919 1015 991 1049; x_wconf 79' lang='lat' dir='ltr'>quae</span> <span class='ocrx_word' id='word_1_210' title='bbox 1006 1004 1185 1040; x_wconf 39' lang='lat' dir='ltr'>observata</span> <span class='ocrx_word' id='word_1_211' title='bbox 1203 1004 1247 1039; x_wconf 77' lang='lat' dir='ltr'>est</span> <span class='ocrx_word' id='word_1_212' title='bbox 1262 1016 1323 1051; x_wconf 87' lang='lat' dir='ltr'>per</span> <span class='ocrx_word' id='word_1_213' title='bbox 1334 1013 1474 1040; x_wconf 87' lang='lat' dir='ltr'>centurn</span> <span class='ocrx_word' id='word_1_214' title='bbox 1486 1030 1496 1044; x_wconf 93' lang='lat'><em>,</em></span> <span class='ocrx_word' id='word_1_215' title='bbox 1522 1005 1557 1039; x_wconf 68' lang='grc' dir='ltr'><strong>ἃ</strong></span> 
     </span>
     <span class='ocr_line' id='line_1_21' title="bbox 95 1051 1557 1102; baseline -0.001 -14"><span class='ocrx_word' id='word_1_216' title='bbox 95 1053 377 1102; x_wconf 80' lang='lat' dir='ltr'>quiexcurrunt,</span> <span class='ocrx_word' id='word_1_217' title='bbox 396 1061 502 1087; x_wconf 83' lang='lat' dir='ltr'>annos</span> <span class='ocrx_word' id='word_1_218' title='bbox 517 1077 528 1091; x_wconf 87' lang='lat'>,</span> <span class='ocrx_word' id='word_1_219' title='bbox 547 1062 686 1099; x_wconf 81' lang='lat' dir='ltr'>quaeque</span> <span class='ocrx_word' id='word_1_220' title='bbox 709 1052 865 1088; x_wconf 84' lang='lat' dir='ltr'>Patribus</span> <span class='ocrx_word' id='word_1_221' title='bbox 879 1051 1013 1096; x_wconf 84' lang='lat' dir='ltr'>praestat</span> <span class='ocrx_word' id='word_1_222' title='bbox 1028 1051 1208 1087; x_wconf 89' lang='lat' dir='ltr'>meliorem</span> <span class='ocrx_word' id='word_1_223' title='bbox 1223 1063 1473 1097; x_wconf 73' lang='lat' dir='ltr'>quemcumque</span> <span class='ocrx_word' id='word_1_224' title='bbox 1489 1078 1498 1091; x_wconf 87' lang='lat'>‚</span> <span class='ocrx_word' id='word_1_225' title='bbox 1524 1053 1557 1086; x_wconf 76' lang='grc' dir='ltr'>δι</span> 
     </span>
     <span class='ocr_line' id='line_1_22' title="bbox 94 1097 1559 1147; baseline -0.003 -11"><span class='ocrx_word' id='word_1_226' title='bbox 94 1102 260 1146; x_wconf 80' lang='lat' dir='ltr'>aptiorem</span> <span class='ocrx_word' id='word_1_227' title='bbox 273 1098 412 1135; x_wconf 88' lang='lat' dir='ltr'>titulum</span> <span class='ocrx_word' id='word_1_228' title='bbox 423 1126 434 1140; x_wconf 83' lang='lat'><em>,</em></span> <span class='ocrx_word' id='word_1_229' title='bbox 454 1109 525 1145; x_wconf 88' lang='lat' dir='ltr'>quo</span> <span class='ocrx_word' id='word_1_230' title='bbox 539 1098 706 1136; x_wconf 82' lang='lat' dir='ltr'>immunes</span> <span class='ocrx_word' id='word_1_231' title='bbox 720 1100 784 1136; x_wconf 85' lang='lat' dir='ltr'>sint</span> <span class='ocrx_word' id='word_1_232' title='bbox 799 1111 817 1134; x_wconf 88' lang='lat' dir='ltr'>a</span> <span class='ocrx_word' id='word_1_233' title='bbox 830 1098 1039 1145; x_wconf 66' lang='lat' dir='ltr'>prcestatione</span> <span class='ocrx_word' id='word_1_234' title='bbox 1053 1099 1198 1147; x_wconf 67' lang='lat' dir='ltr'>Qrartae</span> <span class='ocrx_word' id='word_1_235' title='bbox 1213 1099 1299 1134; x_wconf 86' lang='lat' dir='ltr'>itaut</span> <span class='ocrx_word' id='word_1_236' title='bbox 1316 1100 1472 1143; x_wconf 81' lang='lat' dir='ltr'>excipere</span> <span class='ocrx_word' id='word_1_237' title='bbox 1487 1097 1559 1145; x_wconf 84' lang='lat' dir='ltr'>pos-</span> 
     </span>
     <span class='ocr_line' id='line_1_23' title="bbox 89 1145 1559 1192; baseline -0.003 -8"><span class='ocrx_word' id='word_1_238' title='bbox 89 1148 157 1185; x_wconf 76' lang='lat' dir='ltr'>fint</span> <span class='ocrx_word' id='word_1_239' title='bbox 173 1150 212 1185; x_wconf 91' lang='lat' dir='ltr'>de</span> <span class='ocrx_word' id='word_1_240' title='bbox 232 1147 468 1184; x_wconf 79' lang='lat' dir='ltr'>conventione</span> <span class='ocrx_word' id='word_1_241' title='bbox 483 1148 519 1182; x_wconf 86' lang='lat' dir='ltr'>in</span> <span class='ocrx_word' id='word_1_242' title='bbox 533 1146 605 1191; x_wconf 91' lang='lat' dir='ltr'>ipso</span> <span class='ocrx_word' id='word_1_243' title='bbox 625 1147 744 1184; x_wconf 89' lang='lat' dir='ltr'>limine</span> <span class='ocrx_word' id='word_1_244' title='bbox 756 1146 968 1182; x_wconf 71' lang='lat' dir='ltr'>fundationis</span> <span class='ocrx_word' id='word_1_245' title='bbox 982 1175 989 1186; x_wconf 91' lang='lat'>,</span> <span class='ocrx_word' id='word_1_246' title='bbox 1015 1149 1053 1181; x_wconf 84' lang='lat' dir='ltr'>de</span> <span class='ocrx_word' id='word_1_247' title='bbox 1067 1145 1295 1181; x_wconf 66' lang='lat' dir='ltr'>transactione</span> <span class='ocrx_word' id='word_1_248' title='bbox 1312 1173 1320 1185; x_wconf 82' lang='grc'><em>,</em></span> <span class='ocrx_word' id='word_1_249' title='bbox 1339 1146 1453 1181; x_wconf 86' lang='grc' dir='ltr'>3110νο</span> <span class='ocrx_word' id='word_1_250' title='bbox 1467 1157 1559 1192; x_wconf 88' lang='lat' dir='ltr'>quo-</span> 
     </span>
     <span class='ocr_line' id='line_1_24' title="bbox 91 1191 1559 1242; baseline -0.004 -10"><span class='ocrx_word' id='word_1_251' title='bbox 91 1196 146 1232; x_wconf 84' lang='lat' dir='ltr'>vis</span> <span class='ocrx_word' id='word_1_252' title='bbox 159 1196 336 1233; x_wconf 72' lang='grc' dir='ltr'>000113ἂο</span> <span class='ocrx_word' id='word_1_253' title='bbox 351 1193 495 1230; x_wconf 89' lang='lat' dir='ltr'>oneroso</span> <span class='ocrx_word' id='word_1_254' title='bbox 509 1220 520 1234; x_wconf 92' lang='lat'>,</span> <span class='ocrx_word' id='word_1_255' title='bbox 547 1194 579 1229; x_wconf 87' lang='lat'>&amp;</span> <span class='ocrx_word' id='word_1_256' title='bbox 597 1194 786 1242; x_wconf 65' lang='lat' dir='ltr'>respectivo</span> <span class='ocrx_word' id='word_1_257' title='bbox 805 1222 814 1235; x_wconf 92' lang='lat'>‚</span> <span class='ocrx_word' id='word_1_258' title='bbox 837 1193 958 1240; x_wconf 83' lang='lat' dir='ltr'>quibus</span> <span class='ocrx_word' id='word_1_259' title='bbox 980 1195 1107 1229; x_wconf 77' lang='lat' dir='ltr'>calibus</span> <span class='ocrx_word' id='word_1_260' title='bbox 1122 1204 1191 1228; x_wconf 89' lang='lat' dir='ltr'>non</span> <span class='ocrx_word' id='word_1_261' title='bbox 1210 1192 1272 1228; x_wconf 64' lang='lat' dir='ltr'>ess‘:</span> <span class='ocrx_word' id='word_1_262' title='bbox 1288 1193 1399 1228; x_wconf 90' lang='lat' dir='ltr'>locum</span> <span class='ocrx_word' id='word_1_263' title='bbox 1418 1191 1559 1227; x_wconf 89' lang='lat' dir='ltr'>Consti-</span> 
     </span>
     <span class='ocr_line' id='line_1_25' title="bbox 94 1240 1560 1280; baseline -0.002 -2"><span class='ocrx_word' id='word_1_264' title='bbox 94 1245 224 1280; x_wconf 80' lang='lat' dir='ltr'>tutioni</span> <span class='ocrx_word' id='word_1_265' title='bbox 238 1242 463 1278; x_wconf 74' lang='lat' dir='ltr'>Benedictinae</span> <span class='ocrx_word' id='word_1_266' title='bbox 476 1240 655 1277; x_wconf 85' lang='lat' dir='ltr'>definitum</span> <span class='ocrx_word' id='word_1_267' title='bbox 670 1242 736 1280; x_wconf 93' lang='lat' dir='ltr'>fuit</span> <span class='ocrx_word' id='word_1_268' title='bbox 748 1243 790 1276; x_wconf 89' lang='lat' dir='ltr'>ab</span> <span class='ocrx_word' id='word_1_269' title='bbox 806 1241 871 1277; x_wconf 93' lang='lat' dir='ltr'>hoc</span> <span class='ocrx_word' id='word_1_270' title='bbox 886 1240 992 1276; x_wconf 84' lang='lat' dir='ltr'>Sacro</span> <span class='ocrx_word' id='word_1_271' title='bbox 1013 1240 1193 1276; x_wconf 83' lang='lat' dir='ltr'>Tribunali</span> <span class='ocrx_word' id='word_1_272' title='bbox 1212 1244 1246 1275; x_wconf 90' lang='lat' dir='ltr'>in</span> <span class='ocrx_word' id='word_1_273' title='bbox 1262 1242 1376 1276; x_wconf 64' lang='lat' dir='ltr'>sanfli</span> <span class='ocrx_word' id='word_1_274' title='bbox 1392 1243 1560 1276; x_wconf 74' lang='lat' dir='ltr'>Miniatis</span> 
     </span>
     <span class='ocr_line' id='line_1_26' title="bbox 96 1289 1557 1341; baseline -0.001 -16"><span class='ocrx_word' id='word_1_275' title='bbox 96 1296 238 1341; x_wconf 77' lang='lat' dir='ltr'>Qartae</span> <span class='ocrx_word' id='word_1_276' title='bbox 255 1291 435 1327; x_wconf 70' lang='lat' dir='ltr'>funeralis</span> <span class='ocrx_word' id='word_1_277' title='bbox 459 1299 512 1324; x_wconf 80' lang='lat'>¹2.</span> <span class='ocrx_word' id='word_1_278' title='bbox 534 1293 663 1326; x_wconf 81' lang='lat' dir='ltr'>Martii</span> <span class='ocrx_word' id='word_1_279' title='bbox 681 1300 776 1335; x_wconf 81' lang='lat'>1729.</span> <span class='ocrx_word' id='word_1_280' title='bbox 791 1316 801 1330; x_wconf 87' lang='lat'>,</span> <span class='ocrx_word' id='word_1_281' title='bbox 829 1299 869 1324; x_wconf 91' lang='lat' dir='ltr'>ut</span> <span class='ocrx_word' id='word_1_282' title='bbox 897 1289 931 1323; x_wconf 90' lang='lat' dir='ltr'>in</span> <span class='ocrx_word' id='word_1_283' title='bbox 953 1289 1106 1333; x_wconf 74' lang='lat' dir='ltr'>Thesaur.</span> <span class='ocrx_word' id='word_1_284' title='bbox 1135 1290 1239 1334; x_wconf 72' lang='lat' dir='ltr'>Resol.</span> <span class='ocrx_word' id='word_1_285' title='bbox 1259 1295 1367 1323; x_wconf 80' lang='lat' dir='ltr'>Sacrae</span> <span class='ocrx_word' id='word_1_286' title='bbox 1396 1293 1557 1334; x_wconf 75' lang='lat' dir='ltr'>Congreg-</span> 
     </span>
     <span class='ocr_line' id='line_1_27' title="bbox 92 1336 1558 1385; baseline -0.005 -11"><span class='ocrx_word' id='word_1_287' title='bbox 92 1340 172 1375; x_wconf 86' lang='lat' dir='ltr'>Vol·</span> <span class='ocrx_word' id='word_1_288' title='bbox 187 1343 246 1374; x_wconf 91' lang='lat' dir='ltr'>IV.</span> <span class='ocrx_word' id='word_1_289' title='bbox 257 1346 298 1385; x_wconf 86' lang='lat' dir='ltr'>p.</span> <span class='ocrx_word' id='word_1_290' title='bbox 311 1346 390 1378; x_wconf 81' lang='lat'><strong>253·</strong></span> <span class='ocrx_word' id='word_1_291' title='bbox 404 1340 447 1373; x_wconf 55' lang='grc' dir='ltr'><strong><em>ὠ</em></strong></span> <span class='ocrx_word' id='word_1_292' title='bbox 462 1337 541 1382; x_wconf 82' lang='grc'><strong><em>267.</em></strong></span> <span class='ocrx_word' id='word_1_293' title='bbox 556 1360 568 1375; x_wconf 86' lang='lat'>‚</span> <span class='ocrx_word' id='word_1_294' title='bbox 595 1337 625 1372; x_wconf 84' lang='lat'>&amp;</span> <span class='ocrx_word' id='word_1_295' title='bbox 640 1349 750 1384; x_wconf 87' lang='lat' dir='ltr'>nuper</span> <span class='ocrx_word' id='word_1_296' title='bbox 765 1339 800 1372; x_wconf 88' lang='lat' dir='ltr'>in</span> <span class='ocrx_word' id='word_1_297' title='bbox 817 1337 1003 1382; x_wconf 78' lang='lat' dir='ltr'>Melphien.</span> <span class='ocrx_word' id='word_1_298' title='bbox 1016 1362 1027 1375; x_wconf 88' lang='lat'><em>‚</em></span> <span class='ocrx_word' id='word_1_299' title='bbox 1043 1338 1104 1379; x_wconf 80' lang='lat' dir='ltr'>seu</span> <span class='ocrx_word' id='word_1_300' title='bbox 1125 1336 1305 1382; x_wconf 48' lang='lat' dir='ltr'>Rupollen.</span> <span class='ocrx_word' id='word_1_301' title='bbox 1330 1339 1472 1382; x_wconf 68' lang='lat' dir='ltr'>Qtartae</span> <span class='ocrx_word' id='word_1_302' title='bbox 1487 1339 1558 1368; x_wconf 84' lang='lat' dir='ltr'>Fu-</span> 
     </span>
     <span class='ocr_line' id='line_1_28' title="bbox 91 1382 1555 1431; baseline -0.005 -9"><span class='ocrx_word' id='word_1_303' title='bbox 91 1386 226 1422; x_wconf 82' lang='lat' dir='ltr'>neralis</span> <span class='ocrx_word' id='word_1_304' title='bbox 242 1394 294 1430; x_wconf 83' lang='lat'>17.</span> <span class='ocrx_word' id='word_1_305' title='bbox 308 1385 419 1422; x_wconf 82' lang='lat' dir='ltr'>Maii,</span> <span class='ocrx_word' id='word_1_306' title='bbox 443 1388 487 1421; x_wconf 56' lang='grc' dir='ltr'><em>Θ</em></span> <span class='ocrx_word' id='word_1_307' title='bbox 505 1386 752 1431; x_wconf 59' lang='lat' dir='ltr'>507ttlii1729·</span> <span class='ocrx_word' id='word_1_308' title='bbox 773 1409 783 1423; x_wconf 89' lang='lat'>,</span> <span class='ocrx_word' id='word_1_309' title='bbox 807 1393 844 1419; x_wconf 90' lang='lat' dir='ltr'>ut</span> <span class='ocrx_word' id='word_1_310' title='bbox 858 1383 891 1418; x_wconf 89' lang='lat' dir='ltr'>in</span> <span class='ocrx_word' id='word_1_311' title='bbox 906 1384 1022 1417; x_wconf 89' lang='lat' dir='ltr'>eodem</span> <span class='ocrx_word' id='word_1_312' title='bbox 1040 1383 1198 1423; x_wconf 73' lang='lat' dir='ltr'>Thefaur.</span> <span class='ocrx_word' id='word_1_313' title='bbox 1216 1383 1292 1417; x_wconf 87' lang='lat' dir='ltr'>Vol.</span> <span class='ocrx_word' id='word_1_314' title='bbox 1309 1382 1433 1416; x_wconf 85' lang='lat' dir='ltr'><em>XVIII.</em></span> <span class='ocrx_word' id='word_1_315' title='bbox 1448 1390 1555 1427; x_wconf 85' lang='lat' dir='ltr'>p.37.</span> 
     </span>
     <span class='ocr_line' id='line_1_29' title="bbox 90 1427 1556 1477; baseline -0.003 -10"><span class='ocrx_word' id='word_1_316' title='bbox 90 1437 137 1470; x_wconf 61' lang='grc' dir='ltr'>(φ’</span> <span class='ocrx_word' id='word_1_317' title='bbox 154 1441 209 1477; x_wconf 80' lang='lat'>57.</span> <span class='ocrx_word' id='word_1_318' title='bbox 224 1430 415 1466; x_wconf 67' lang='lat' dir='ltr'>Praesertim</span> <span class='ocrx_word' id='word_1_319' title='bbox 432 1441 509 1467; x_wconf 90' lang='lat' dir='ltr'>curn</span> <span class='ocrx_word' id='word_1_320' title='bbox 529 1441 600 1466; x_wconf 86' lang='lat' dir='ltr'>non</span> <span class='ocrx_word' id='word_1_321' title='bbox 614 1431 717 1467; x_wconf 83' lang='lat' dir='ltr'>desint</span> <span class='ocrx_word' id='word_1_322' title='bbox 735 1432 821 1477; x_wconf 82' lang='lat' dir='ltr'>figna</span> <span class='ocrx_word' id='word_1_323' title='bbox 836 1456 847 1471; x_wconf 86' lang='lat'><strong>,</strong></span> <span class='ocrx_word' id='word_1_324' title='bbox 866 1433 896 1466; x_wconf 73' lang='grc' dir='ltr'>ὅ(</span> <span class='ocrx_word' id='word_1_325' title='bbox 910 1438 1112 1476; x_wconf 84' lang='lat' dir='ltr'>argumenta</span> <span class='ocrx_word' id='word_1_326' title='bbox 1135 1430 1328 1464; x_wconf 64' lang='lat' dir='ltr'>conti-auus</span> <span class='ocrx_word' id='word_1_327' title='bbox 1341 1427 1471 1464; x_wconf 76' lang='lat' dir='ltr'>onerosi</span> <span class='ocrx_word' id='word_1_328' title='bbox 1483 1454 1494 1469; x_wconf 83' lang='lat'><strong>‚</strong></span> <span class='ocrx_word' id='word_1_329' title='bbox 1522 1428 1556 1463; x_wconf 77' lang='grc' dir='ltr'>δι</span> 
     </span>
     <span class='ocr_line' id='line_1_30' title="bbox 90 1475 1558 1526; baseline -0.004 -11"><span class='ocrx_word' id='word_1_330' title='bbox 90 1479 273 1526; x_wconf 64' lang='grc' dir='ltr'>101110611νί</span> <span class='ocrx_word' id='word_1_331' title='bbox 292 1505 302 1519; x_wconf 87' lang='grc'><strong><em>,</em></strong></span> <span class='ocrx_word' id='word_1_332' title='bbox 326 1490 366 1514; x_wconf 85' lang='lat' dir='ltr'>ex</span> <span class='ocrx_word' id='word_1_333' title='bbox 382 1491 451 1526; x_wconf 89' lang='lat' dir='ltr'>quo</span> <span class='ocrx_word' id='word_1_334' title='bbox 463 1477 679 1515; x_wconf 83' lang='lat' dir='ltr'>vetustiffimo</span> <span class='ocrx_word' id='word_1_335' title='bbox 693 1489 845 1523; x_wconf 84' lang='lat' dir='ltr'>tempore</span> <span class='ocrx_word' id='word_1_336' title='bbox 859 1477 983 1524; x_wconf 74' lang='lat' dir='ltr'>pacisci</span> <span class='ocrx_word' id='word_1_337' title='bbox 998 1476 1147 1522; x_wconf 83' lang='lat' dir='ltr'>potuerit</span> <span class='ocrx_word' id='word_1_338' title='bbox 1162 1477 1251 1512; x_wconf 87' lang='lat' dir='ltr'>inter</span> <span class='ocrx_word' id='word_1_339' title='bbox 1262 1476 1383 1511; x_wconf 79' lang='lat' dir='ltr'>Patres</span> <span class='ocrx_word' id='word_1_340' title='bbox 1398 1503 1408 1516; x_wconf 91' lang='lat'>,</span> <span class='ocrx_word' id='word_1_341' title='bbox 1432 1477 1463 1510; x_wconf 80' lang='grc' dir='ltr'>δι</span> <span class='ocrx_word' id='word_1_342' title='bbox 1477 1475 1558 1510; x_wconf 82' lang='lat' dir='ltr'>Ple·</span> 
     </span>
     <span class='ocr_line' id='line_1_31' title="bbox 90 1521 1556 1573; baseline -0.003 -11"><span class='ocrx_word' id='word_1_343' title='bbox 90 1529 199 1563; x_wconf 74' lang='lat' dir='ltr'>banos</span> <span class='ocrx_word' id='word_1_344' title='bbox 213 1526 252 1561; x_wconf 92' lang='lat' dir='ltr'>de</span> <span class='ocrx_word' id='word_1_345' title='bbox 267 1526 328 1560; x_wconf 85' lang='lat' dir='ltr'>hac</span> <span class='ocrx_word' id='word_1_346' title='bbox 349 1526 482 1573; x_wconf 83' lang='lat' dir='ltr'>Qarta</span> <span class='ocrx_word' id='word_1_347' title='bbox 499 1553 508 1566; x_wconf 89' lang='lat'>,</span> <span class='ocrx_word' id='word_1_348' title='bbox 533 1537 608 1560; x_wconf 90' lang='grc'>113111</span> <span class='ocrx_word' id='word_1_349' title='bbox 625 1525 740 1561; x_wconf 84' lang='lat' dir='ltr'>Patres</span> <span class='ocrx_word' id='word_1_350' title='bbox 767 1527 953 1561; x_wconf 87' lang='lat' dir='ltr'>Plebanum</span> <span class='ocrx_word' id='word_1_351' title='bbox 979 1526 1141 1567; x_wconf 82' lang='lat' dir='ltr'>adjuvant</span> <span class='ocrx_word' id='word_1_352' title='bbox 1166 1535 1266 1571; x_wconf 85' lang='lat' dir='ltr'>opem</span> <span class='ocrx_word' id='word_1_353' title='bbox 1289 1522 1425 1559; x_wconf 88' lang='lat' dir='ltr'>ferendo</span> <span class='ocrx_word' id='word_1_354' title='bbox 1451 1521 1556 1558; x_wconf 83' lang='lat' dir='ltr'>infir-</span> 
     </span>
     <span class='ocr_line' id='line_1_32' title="bbox 89 1569 1554 1616; baseline -0.003 -7"><span class='ocrx_word' id='word_1_355' title='bbox 89 1576 156 1609; x_wconf 86' lang='lat' dir='ltr'>mis</span> <span class='ocrx_word' id='word_1_356' title='bbox 173 1601 183 1614; x_wconf 86' lang='lat'>‚</span> <span class='ocrx_word' id='word_1_357' title='bbox 201 1574 232 1608; x_wconf 87' lang='lat'>&amp;</span> <span class='ocrx_word' id='word_1_358' title='bbox 249 1574 471 1610; x_wconf 77' lang='lat' dir='ltr'>morientibus</span> <span class='ocrx_word' id='word_1_359' title='bbox 484 1599 494 1612; x_wconf 95' lang='lat'>,</span> <span class='ocrx_word' id='word_1_360' title='bbox 518 1573 685 1609; x_wconf 83' lang='lat' dir='ltr'>Plebanus</span> <span class='ocrx_word' id='word_1_361' title='bbox 699 1575 732 1610; x_wconf 89' lang='lat' dir='ltr'>in</span> <span class='ocrx_word' id='word_1_362' title='bbox 748 1571 955 1609; x_wconf 85' lang='lat' dir='ltr'>elationibus</span> <span class='ocrx_word' id='word_1_363' title='bbox 968 1583 1087 1608; x_wconf 86' lang='lat' dir='ltr'>eorum</span> <span class='ocrx_word' id='word_1_364' title='bbox 1100 1598 1110 1611; x_wconf 95' lang='lat'>,</span> <span class='ocrx_word' id='word_1_365' title='bbox 1126 1571 1184 1616; x_wconf 85' lang='lat' dir='ltr'>qui</span> <span class='ocrx_word' id='word_1_366' title='bbox 1200 1572 1236 1606; x_wconf 88' lang='lat' dir='ltr'>in</span> <span class='ocrx_word' id='word_1_367' title='bbox 1253 1569 1398 1606; x_wconf 83' lang='lat' dir='ltr'>Ecclefia</span> <span class='ocrx_word' id='word_1_368' title='bbox 1412 1570 1554 1606; x_wconf 83' lang='lat' dir='ltr'>Patrum</span> 
     </span>
     <span class='ocr_line' id='line_1_33' title="bbox 90 1616 1553 1665; baseline -0.004 -8"><span class='ocrx_word' id='word_1_369' title='bbox 90 1622 298 1657; x_wconf 85' lang='lat' dir='ltr'>condiuntur</span> <span class='ocrx_word' id='word_1_370' title='bbox 313 1647 323 1661; x_wconf 87' lang='lat'><strong>,</strong></span> <span class='ocrx_word' id='word_1_371' title='bbox 347 1620 494 1657; x_wconf 81' lang='lat' dir='ltr'>Crucem</span> <span class='ocrx_word' id='word_1_372' title='bbox 508 1620 620 1656; x_wconf 82' lang='lat' dir='ltr'>elevat</span> <span class='ocrx_word' id='word_1_373' title='bbox 639 1621 793 1665; x_wconf 79' lang='lat' dir='ltr'>permissu</span> <span class='ocrx_word' id='word_1_374' title='bbox 810 1621 971 1660; x_wconf 83' lang='lat' dir='ltr'>Parrum,</span> <span class='ocrx_word' id='word_1_375' title='bbox 996 1619 1244 1665; x_wconf 79' lang='lat' dir='ltr'>Ecclefiamque</span> <span class='ocrx_word' id='word_1_376' title='bbox 1261 1618 1455 1665; x_wconf 82' lang='lat' dir='ltr'>ingreditur</span> <span class='ocrx_word' id='word_1_377' title='bbox 1467 1616 1553 1651; x_wconf 75' lang='lat' dir='ltr'>stola</span> 
     </span>
     <span class='ocr_line' id='line_1_34' title="bbox 89 1666 1555 1715; baseline -0.005 -9"><span class='ocrx_word' id='word_1_378' title='bbox 89 1668 231 1706; x_wconf 76' lang='lat' dir='ltr'>indutus</span> <span class='ocrx_word' id='word_1_379' title='bbox 256 1694 266 1708; x_wconf 90' lang='lat'>,</span> <span class='ocrx_word' id='word_1_380' title='bbox 292 1667 472 1715; x_wconf 76' lang='lat' dir='ltr'>officioque</span> <span class='ocrx_word' id='word_1_381' title='bbox 497 1667 632 1704; x_wconf 79' lang='lat' dir='ltr'>funebri</span> <span class='ocrx_word' id='word_1_382' title='bbox 659 1670 795 1714; x_wconf 74' lang='lat' dir='ltr'>praesens</span> <span class='ocrx_word' id='word_1_383' title='bbox 820 1668 1021 1711; x_wconf 82' lang='lat' dir='ltr'>antiphonas</span> <span class='ocrx_word' id='word_1_384' title='bbox 1045 1694 1056 1708; x_wconf 90' lang='lat'>,</span> <span class='ocrx_word' id='word_1_385' title='bbox 1084 1666 1306 1712; x_wconf 63' lang='lat' dir='ltr'>lenionesque</span> <span class='ocrx_word' id='word_1_386' title='bbox 1331 1666 1450 1704; x_wconf 87' lang='lat' dir='ltr'>canit,</span> <span class='ocrx_word' id='word_1_387' title='bbox 1478 1675 1555 1709; x_wconf 84' lang='lat' dir='ltr'>quae</span> 
     </span>
     <span class='ocr_line' id='line_1_35' title="bbox 90 1711 1553 1764; baseline -0.005 -12"><span class='ocrx_word' id='word_1_388' title='bbox 90 1717 203 1752; x_wconf 72' lang='lat' dir='ltr'>omnia</span> <span class='ocrx_word' id='word_1_389' title='bbox 224 1716 332 1752; x_wconf 82' lang='lat' dir='ltr'>facere</span> <span class='ocrx_word' id='word_1_390' title='bbox 345 1727 413 1753; x_wconf 87' lang='lat' dir='ltr'>non</span> <span class='ocrx_word' id='word_1_391' title='bbox 427 1715 557 1764; x_wconf 82' lang='lat' dir='ltr'>posset,</span> <span class='ocrx_word' id='word_1_392' title='bbox 582 1715 644 1751; x_wconf 81' lang='grc'>11111</span> <span class='ocrx_word' id='word_1_393' title='bbox 671 1716 851 1752; x_wconf 71' lang='lat' dir='ltr'>transactio</span> <span class='ocrx_word' id='word_1_394' title='bbox 875 1716 988 1762; x_wconf 88' lang='lat' dir='ltr'>aliqua</span> <span class='ocrx_word' id='word_1_395' title='bbox 1008 1740 1019 1754; x_wconf 91' lang='lat'>,</span> <span class='ocrx_word' id='word_1_396' title='bbox 1045 1715 1141 1757; x_wconf 81' lang='lat' dir='ltr'>cuius</span> <span class='ocrx_word' id='word_1_397' title='bbox 1164 1712 1262 1749; x_wconf 88' lang='lat' dir='ltr'>nulla</span> <span class='ocrx_word' id='word_1_398' title='bbox 1290 1711 1337 1747; x_wconf 91' lang='grc'>011</span> <span class='ocrx_word' id='word_1_399' title='bbox 1361 1711 1526 1747; x_wconf 90' lang='lat' dir='ltr'>memoria</span> <span class='ocrx_word' id='word_1_400' title='bbox 1541 1737 1553 1751; x_wconf 90' lang='lat'>‚</span> 
     </span>
     <span class='ocr_line' id='line_1_36' title="bbox 91 1759 1553 1811; baseline -0.005 -11"><span class='ocrx_word' id='word_1_401' title='bbox 91 1764 185 1800; x_wconf 82' lang='lat' dir='ltr'>inita</span> <span class='ocrx_word' id='word_1_402' title='bbox 205 1763 337 1804; x_wconf 59' lang='lat' dir='ltr'>suiset,</span> <span class='ocrx_word' id='word_1_403' title='bbox 372 1773 410 1800; x_wconf 83' lang='lat' dir='ltr'>ut</span> <span class='ocrx_word' id='word_1_404' title='bbox 434 1763 522 1799; x_wconf 87' lang='lat' dir='ltr'>nihil</span> <span class='ocrx_word' id='word_1_405' title='bbox 549 1764 653 1811; x_wconf 85' lang='lat' dir='ltr'>magis</span> <span class='ocrx_word' id='word_1_406' title='bbox 676 1763 861 1799; x_wconf 81' lang='lat' dir='ltr'>verisimile</span> <span class='ocrx_word' id='word_1_407' title='bbox 875 1763 936 1797; x_wconf 90' lang='lat' dir='ltr'>fiat</span> <span class='ocrx_word' id='word_1_408' title='bbox 952 1790 961 1803; x_wconf 87' lang='lat'>‚</span> <span class='ocrx_word' id='word_1_409' title='bbox 990 1774 1089 1808; x_wconf 86' lang='lat' dir='ltr'>quam</span> <span class='ocrx_word' id='word_1_410' title='bbox 1103 1764 1190 1807; x_wconf 89' lang='lat' dir='ltr'>quod</span> <span class='ocrx_word' id='word_1_411' title='bbox 1215 1760 1318 1795; x_wconf 89' lang='lat' dir='ltr'>etiam</span> <span class='ocrx_word' id='word_1_412' title='bbox 1345 1759 1390 1795; x_wconf 91' lang='lat' dir='ltr'>de</span> <span class='ocrx_word' id='word_1_413' title='bbox 1415 1759 1553 1806; x_wconf 65' lang='lat' dir='ltr'>Qarta</span> 
     </span>
     <span class='ocr_line' id='line_1_37' title="bbox 91 1803 1551 1893; baseline -0.003 -49"><span class='ocrx_word' id='word_1_414' title='bbox 91 1811 323 1893; x_wconf 60' lang='lat' dir='ltr'>ganscgcrint</span> <span class='ocrx_word' id='word_1_415' title='bbox 341 1841 349 1848; x_wconf 89' lang='lat'><em>.</em></span> <span class='ocrx_word' id='word_1_416' title='bbox 381 1814 466 1848; x_wconf 61' lang='lat' dir='ltr'>Haec</span> <span class='ocrx_word' id='word_1_417' title='bbox 489 1810 628 1846; x_wconf 80' lang='lat' dir='ltr'>Patres.</span> <span class='ocrx_word' id='word_1_418' title='bbox 659 1814 692 1846; x_wconf 89' lang='lat' dir='ltr'>A</span> <span class='ocrx_word' id='word_1_419' title='bbox 707 1812 856 1848; x_wconf 86' lang='lat' dir='ltr'>Plebano</span> <span class='ocrx_word' id='word_1_420' title='bbox 881 1810 968 1846; x_wconf 85' lang='lat' dir='ltr'>nihil</span> <span class='ocrx_word' id='word_1_421' title='bbox 987 1809 1168 1847; x_wconf 86' lang='lat' dir='ltr'>habuimus</span> <span class='ocrx_word' id='word_1_422' title='bbox 1191 1832 1202 1844; x_wconf 85' lang='lat'>.</span> <span class='ocrx_word' id='word_1_423' title='bbox 1230 1807 1346 1843; x_wconf 86' lang='lat' dir='ltr'>Unum</span> <span class='ocrx_word' id='word_1_424' title='bbox 1362 1807 1407 1842; x_wconf 88' lang='lat' dir='ltr'>est</span> <span class='ocrx_word' id='word_1_425' title='bbox 1433 1803 1551 1841; x_wconf 74' lang='lat' dir='ltr'>causae</span> 
     </span>
    </p>

    <p class='ocr_par' dir='ltr' id='par_1_3' title="bbox 48 1869 1025 1956">
     <span class='ocr_line' id='line_1_38' title="bbox 128 1869 237 1894; baseline 0.009 -1"><span class='ocrx_word' id='word_1_426' title='bbox 128 1873 142 1893; x_wconf 73' lang='grc'><strong>8</strong></span> <span class='ocrx_word' id='word_1_427' title='bbox 177 1869 237 1894; x_wconf 66' lang='lat' dir='ltr'>Ut·</span> 
     </span>
     <span class='ocr_line' id='line_1_39' title="bbox 48 1872 1025 1956; baseline -0.003 -12"><span class='ocrx_word' id='word_1_428' title='bbox 48 1872 272 1951; x_wconf 48' lang='lat' dir='ltr'>&gt;insufficiens</span> <span class='ocrx_word' id='word_1_429' title='bbox 285 1907 455 1951; x_wconf 81' lang='lat' dir='ltr'>solutioni</span> <span class='ocrx_word' id='word_1_430' title='bbox 467 1910 602 1956; x_wconf 61' lang='lat' dir='ltr'>„Quarto</span> <span class='ocrx_word' id='word_1_431' title='bbox 616 1906 798 1943; x_wconf 69' lang='lat' dir='ltr'>funeralis</span> <span class='ocrx_word' id='word_1_432' title='bbox 811 1907 844 1941; x_wconf 75' lang='lat' dir='ltr'>in</span> <span class='ocrx_word' id='word_1_433' title='bbox 859 1905 934 1948; x_wconf 61' lang='lat' dir='ltr'>cafii</span> <span class='ocrx_word' id='word_1_434' title='bbox 947 1908 1025 1941; x_wconf 74' lang='lat' dir='ltr'>&amp;c-</span> 
     </span>
    </p>
   </div>
   <div class='ocr_carea' id='block_1_2' title="bbox 1756 1979 1777 1991">
    <p class='ocr_par' dir='ltr' id='par_1_4' title="bbox 1756 1979 1777 1991">
     <span class='ocr_line' id='line_1_40' title="bbox 1756 1979 1777 1991; baseline -0.048 0"><span class='ocrx_word' id='word_1_435' title='bbox 1756 1979 1777 1991; x_wconf 66' lang='grc' dir='ltr'>,ο</span> 
     </span>
    </p>
   </div>
   <div class='ocr_carea' id='block_1_3' title="bbox 143 1999 381 2038">
    <p class='ocr_par' dir='ltr' id='par_1_5' title="bbox 143 1999 381 2038">
     <span class='ocr_line' id='line_1_41' title="bbox 143 1999 381 2038; baseline 0.004 -1"><span class='ocrx_word' id='word_1_436' title='bbox 143 1999 363 2038; x_wconf 85' lang='lat' dir='ltr'>Affirmative</span> <span class='ocrx_word' id='word_1_437' title='bbox 371 2028 381 2038; x_wconf 91' lang='lat'><strong>.</strong></span> 
     </span>
    </p>
   </div>
   <div class='ocr_carea' id='block_1_4' title="bbox 94 2090 1863 2712">
    <p class='ocr_par' dir='ltr' id='par_1_6' title="bbox 94 2090 1863 2712">
     <span class='ocr_line' id='line_1_42' title="bbox 176 2090 1863 2142; baseline -0.005 -11"><span class='ocrx_word' id='word_1_438' title='bbox 176 2096 327 2132; x_wconf 84' lang='lat' dir='ltr'>ONTIS</span> <span class='ocrx_word' id='word_1_439' title='bbox 349 2094 535 2132; x_wconf 85' lang='lat' dir='ltr'>FALISCI</span> <span class='ocrx_word' id='word_1_440' title='bbox 559 2094 869 2133; x_wconf 85' lang='lat' dir='ltr'><strong>NULLITATIS</strong></span> <span class='ocrx_word' id='word_1_441' title='bbox 884 2090 1231 2132; x_wconf 87' lang='lat' dir='ltr'>MATRIMONII:</span> <span class='ocrx_word' id='word_1_442' title='bbox 1256 2091 1331 2127; x_wconf 76' lang='lat' dir='ltr'>1³0st</span> <span class='ocrx_word' id='word_1_443' title='bbox 1345 2090 1553 2128; x_wconf 60' lang='lat' dir='ltr'>contrassum</span> <span class='ocrx_word' id='word_1_444' title='bbox 1611 2100 1698 2142; x_wconf 66' lang='lat' dir='ltr'><em>ges-5,</em></span> <span class='ocrx_word' id='word_1_445' title='bbox 1718 2106 1772 2137; x_wconf 55' lang='lat'>24,</span> <span class='ocrx_word' id='word_1_446' title='bbox 1789 2111 1818 2133; x_wconf 69' lang='lat' dir='ltr'>c,</span> <span class='ocrx_word' id='word_1_447' title='bbox 1848 2109 1863 2139; x_wconf 65' lang='grc' dir='ltr'>ς</span> 
     </span>
     <span class='ocr_line' id='line_1_43' title="bbox 152 2137 1840 2192; baseline -0.005 -13"><span class='ocrx_word' id='word_1_448' title='bbox 152 2144 161 2150; x_wconf 72' lang='grc'>“’</span> <span class='ocrx_word' id='word_1_449' title='bbox 187 2156 273 2180; x_wconf 89' lang='grc'>311110</span> <span class='ocrx_word' id='word_1_450' title='bbox 295 2154 387 2191; x_wconf 81' lang='lat'>1744.</span> <span class='ocrx_word' id='word_1_451' title='bbox 409 2144 543 2179; x_wconf 85' lang='lat' dir='ltr'>servata</span> <span class='ocrx_word' id='word_1_452' title='bbox 559 2144 666 2179; x_wconf 84' lang='lat' dir='ltr'>forma</span> <span class='ocrx_word' id='word_1_453' title='bbox 679 2142 878 2179; x_wconf 86' lang='lat' dir='ltr'>Tridentini</span> <span class='ocrx_word' id='word_1_454' title='bbox 893 2170 904 2183; x_wconf 91' lang='lat'>,</span> <span class='ocrx_word' id='word_1_455' title='bbox 931 2142 1189 2178; x_wconf 85' lang='lat' dir='ltr'>matrimonium</span> <span class='ocrx_word' id='word_1_456' title='bbox 1205 2140 1295 2174; x_wconf 88' lang='lat' dir='ltr'>inter</span> <span class='ocrx_word' id='word_1_457' title='bbox 1306 2140 1468 2181; x_wconf 78' lang='grc'>,10311110111</span> <span class='ocrx_word' id='word_1_458' title='bbox 1480 2137 1554 2173; x_wconf 88' lang='grc' dir='ltr'>Ν1-</span> <span class='ocrx_word' id='word_1_459' title='bbox 1585 2147 1625 2183; x_wconf 66' lang='lat' dir='ltr'>de</span> <span class='ocrx_word' id='word_1_460' title='bbox 1643 2147 1713 2192; x_wconf 65' lang='lat' dir='ltr'>Rssfi</span> <span class='ocrx_word' id='word_1_461' title='bbox 1732 2151 1840 2181; x_wconf 61' lang='lat' dir='ltr'>Matr,</span> 
     </span>
     <span class='ocr_line' id='line_1_44' title="bbox 95 2185 1554 2237; baseline -0.003 -13"><span class='ocrx_word' id='word_1_462' title='bbox 95 2190 231 2226; x_wconf 82' lang='lat' dir='ltr'>colaum</span> <span class='ocrx_word' id='word_1_463' title='bbox 247 2191 435 2237; x_wconf 77' lang='lat' dir='ltr'>Magliozzi</span> <span class='ocrx_word' id='word_1_464' title='bbox 455 2217 465 2230; x_wconf 93' lang='lat'>,</span> <span class='ocrx_word' id='word_1_465' title='bbox 484 2193 516 2227; x_wconf 89' lang='lat'>&amp;</span> <span class='ocrx_word' id='word_1_466' title='bbox 531 2191 773 2237; x_wconf 84' lang='lat' dir='ltr'>Magdalenam</span> <span class='ocrx_word' id='word_1_467' title='bbox 798 2189 906 2227; x_wconf 86' lang='lat' dir='ltr'>filiam</span> <span class='ocrx_word' id='word_1_468' title='bbox 932 2190 1111 2228; x_wconf 66' lang='lat' dir='ltr'>francisco</span> <span class='ocrx_word' id='word_1_469' title='bbox 1126 2188 1296 2235; x_wconf 86' lang='lat' dir='ltr'>quondam</span> <span class='ocrx_word' id='word_1_470' title='bbox 1324 2186 1467 2223; x_wconf 76' lang='lat' dir='ltr'>Caesaris</span> <span class='ocrx_word' id='word_1_471' title='bbox 1483 2211 1493 2225; x_wconf 82' lang='lat'>‚</span> <span class='ocrx_word' id='word_1_472' title='bbox 1520 2185 1554 2219; x_wconf 83' lang='lat'>&amp;</span> 
     </span>
     <span class='ocr_line' id='line_1_45' title="bbox 94 2231 1555 2286; baseline -0.005 -12"><span class='ocrx_word' id='word_1_473' title='bbox 94 2237 294 2275; x_wconf 61' lang='lat' dir='ltr'>Dominicae</span> <span class='ocrx_word' id='word_1_474' title='bbox 303 2239 423 2274; x_wconf 87' lang='lat' dir='ltr'>Calisti</span> <span class='ocrx_word' id='word_1_475' title='bbox 443 2239 553 2273; x_wconf 74' lang='lat' dir='ltr'>Terrae</span> <span class='ocrx_word' id='word_1_476' title='bbox 567 2237 702 2273; x_wconf 85' lang='lat' dir='ltr'>Celleni</span> <span class='ocrx_word' id='word_1_477' title='bbox 719 2265 729 2278; x_wconf 94' lang='lat'>‚</span> <span class='ocrx_word' id='word_1_478' title='bbox 753 2239 785 2274; x_wconf 88' lang='lat'>&amp;</span> <span class='ocrx_word' id='word_1_479' title='bbox 800 2238 877 2285; x_wconf 88' lang='lat' dir='ltr'>post</span> <span class='ocrx_word' id='word_1_480' title='bbox 892 2246 1072 2286; x_wconf 86' lang='lat' dir='ltr'>prognatos</span> <span class='ocrx_word' id='word_1_481' title='bbox 1086 2249 1129 2273; x_wconf 88' lang='lat' dir='ltr'>ex</span> <span class='ocrx_word' id='word_1_482' title='bbox 1157 2236 1220 2271; x_wconf 89' lang='lat' dir='ltr'>hoc</span> <span class='ocrx_word' id='word_1_483' title='bbox 1243 2235 1462 2271; x_wconf 84' lang='lat' dir='ltr'>matrimonio</span> <span class='ocrx_word' id='word_1_484' title='bbox 1485 2231 1555 2267; x_wconf 86' lang='lat' dir='ltr'>duo</span> 
     </span>
     <span class='ocr_line' id='line_1_46' title="bbox 96 2280 1555 2332; baseline -0.003 -13"><span class='ocrx_word' id='word_1_485' title='bbox 96 2282 189 2319; x_wconf 76' lang='lat' dir='ltr'>filios</span> <span class='ocrx_word' id='word_1_486' title='bbox 205 2311 214 2322; x_wconf 89' lang='lat'>‚</span> <span class='ocrx_word' id='word_1_487' title='bbox 236 2297 380 2331; x_wconf 85' lang='lat' dir='ltr'>quorum</span> <span class='ocrx_word' id='word_1_488' title='bbox 394 2285 484 2322; x_wconf 88' lang='lat' dir='ltr'>alter</span> <span class='ocrx_word' id='word_1_489' title='bbox 496 2285 583 2321; x_wconf 92' lang='lat' dir='ltr'>obiit</span> <span class='ocrx_word' id='word_1_490' title='bbox 596 2313 606 2326; x_wconf 93' lang='lat'>‚</span> <span class='ocrx_word' id='word_1_491' title='bbox 633 2287 720 2321; x_wconf 85' lang='lat' dir='ltr'>alter</span> <span class='ocrx_word' id='word_1_492' title='bbox 733 2285 891 2332; x_wconf 83' lang='lat' dir='ltr'>superstes</span> <span class='ocrx_word' id='word_1_493' title='bbox 906 2287 952 2322; x_wconf 85' lang='lat' dir='ltr'>est</span> <span class='ocrx_word' id='word_1_494' title='bbox 964 2314 974 2327; x_wconf 95' lang='lat'>‚</span> <span class='ocrx_word' id='word_1_495' title='bbox 1004 2286 1155 2321; x_wconf 87' lang='lat' dir='ltr'>delatum</span> <span class='ocrx_word' id='word_1_496' title='bbox 1170 2283 1230 2318; x_wconf 78' lang='lat' dir='ltr'>fuir</span> <span class='ocrx_word' id='word_1_497' title='bbox 1259 2284 1298 2318; x_wconf 88' lang='lat' dir='ltr'>ad</span> <span class='ocrx_word' id='word_1_498' title='bbox 1322 2280 1555 2331; x_wconf 88' lang='lat' dir='ltr'>Episcopalem</span> 
     </span>
     <span class='ocr_line' id='line_1_47' title="bbox 96 2330 1553 2381; baseline -0.004 -13"><span class='ocrx_word' id='word_1_499' title='bbox 96 2332 240 2368; x_wconf 85' lang='lat' dir='ltr'>Curiam</span> <span class='ocrx_word' id='word_1_500' title='bbox 252 2332 411 2381; x_wconf 82' lang='lat' dir='ltr'>conjuges</span> <span class='ocrx_word' id='word_1_501' title='bbox 426 2334 486 2369; x_wconf 84' lang='lat' dir='ltr'>hos</span> <span class='ocrx_word' id='word_1_502' title='bbox 501 2342 621 2380; x_wconf 87' lang='lat' dir='ltr'>quarto</span> <span class='ocrx_word' id='word_1_503' title='bbox 634 2333 936 2380; x_wconf 79' lang='lat' dir='ltr'>consanguinitatis</span> <span class='ocrx_word' id='word_1_504' title='bbox 953 2332 1061 2381; x_wconf 85' lang='lat' dir='ltr'>gradu</span> <span class='ocrx_word' id='word_1_505' title='bbox 1074 2331 1139 2368; x_wconf 87' lang='lat' dir='ltr'>esse</span> <span class='ocrx_word' id='word_1_506' title='bbox 1155 2331 1356 2373; x_wconf 68' lang='lat' dir='ltr'>coniunctos</span> <span class='ocrx_word' id='word_1_507' title='bbox 1373 2358 1383 2371; x_wconf 89' lang='lat'>,</span> <span class='ocrx_word' id='word_1_508' title='bbox 1407 2330 1553 2379; x_wconf 82' lang='lat' dir='ltr'>ideoque</span> 
     </span>
     <span class='ocr_line' id='line_1_48' title="bbox 94 2375 1554 2427; baseline -0.004 -13"><span class='ocrx_word' id='word_1_509' title='bbox 94 2381 137 2414; x_wconf 87' lang='lat' dir='ltr'>ab</span> <span class='ocrx_word' id='word_1_510' title='bbox 149 2382 261 2414; x_wconf 83' lang='lat' dir='ltr'>eadem</span> <span class='ocrx_word' id='word_1_511' title='bbox 276 2381 378 2416; x_wconf 89' lang='lat' dir='ltr'>Curia</span> <span class='ocrx_word' id='word_1_512' title='bbox 394 2381 563 2417; x_wconf 87' lang='lat' dir='ltr'>decretum</span> <span class='ocrx_word' id='word_1_513' title='bbox 578 2379 642 2415; x_wconf 86' lang='lat' dir='ltr'>fuit</span> <span class='ocrx_word' id='word_1_514' title='bbox 657 2403 666 2418; x_wconf 69' lang='lat'><em>2</em></span> <span class='ocrx_word' id='word_1_515' title='bbox 694 2389 730 2416; x_wconf 92' lang='lat' dir='ltr'>ut</span> <span class='ocrx_word' id='word_1_516' title='bbox 744 2382 976 2427; x_wconf 81' lang='lat' dir='ltr'>separarentur</span> <span class='ocrx_word' id='word_1_517' title='bbox 991 2410 998 2418; x_wconf 90' lang='lat'><strong>.</strong></span> <span class='ocrx_word' id='word_1_518' title='bbox 1023 2381 1170 2422; x_wconf 85' lang='lat' dir='ltr'>Joannes</span> <span class='ocrx_word' id='word_1_519' title='bbox 1184 2379 1349 2413; x_wconf 79' lang='lat' dir='ltr'>Nicolaus</span> <span class='ocrx_word' id='word_1_520' title='bbox 1365 2379 1431 2413; x_wconf 84' lang='lat' dir='ltr'>{ine</span> <span class='ocrx_word' id='word_1_521' title='bbox 1446 2375 1554 2410; x_wconf 82' lang='lat' dir='ltr'>selen-</span> 
     </span>
     <span class='ocr_line' id='line_1_49' title="bbox 94 2421 1553 2474; baseline -0.005 -13"><span class='ocrx_word' id='word_1_522' title='bbox 94 2428 145 2462; x_wconf 77' lang='lat' dir='ltr'>tia</span> <span class='ocrx_word' id='word_1_523' title='bbox 158 2454 167 2466; x_wconf 95' lang='lat'>‚</span> <span class='ocrx_word' id='word_1_524' title='bbox 193 2429 224 2461; x_wconf 67' lang='lat'>8&lt;</span> <span class='ocrx_word' id='word_1_525' title='bbox 241 2427 399 2463; x_wconf 85' lang='lat' dir='ltr'>consensu</span> <span class='ocrx_word' id='word_1_526' title='bbox 412 2428 623 2474; x_wconf 84' lang='lat' dir='ltr'>Magdalenae</span> <span class='ocrx_word' id='word_1_527' title='bbox 634 2428 847 2474; x_wconf 86' lang='lat' dir='ltr'>postulavit,</span> <span class='ocrx_word' id='word_1_528' title='bbox 870 2429 1091 2471; x_wconf 86' lang='lat' dir='ltr'>obtinuitque</span> <span class='ocrx_word' id='word_1_529' title='bbox 1106 2440 1124 2463; x_wconf 86' lang='lat' dir='ltr'>a</span> <span class='ocrx_word' id='word_1_530' title='bbox 1147 2425 1375 2463; x_wconf 82' lang='lat' dir='ltr'>Sacratiffimo</span> <span class='ocrx_word' id='word_1_531' title='bbox 1391 2421 1553 2473; x_wconf 81' lang='lat' dir='ltr'>Principe</span> 
     </span>
     <span class='ocr_line' id='line_1_50' title="bbox 94 2470 1554 2522; baseline -0.004 -12"><span class='ocrx_word' id='word_1_532' title='bbox 94 2473 208 2510; x_wconf 83' lang='lat' dir='ltr'>nostro</span> <span class='ocrx_word' id='word_1_533' title='bbox 223 2474 499 2521; x_wconf 81' lang='lat' dir='ltr'>dispensationem</span> <span class='ocrx_word' id='word_1_534' title='bbox 511 2476 642 2518; x_wconf 62' lang='lat' dir='ltr'>adjecta</span> <span class='ocrx_word' id='word_1_535' title='bbox 667 2475 776 2511; x_wconf 86' lang='lat' dir='ltr'>literis</span> <span class='ocrx_word' id='word_1_536' title='bbox 792 2502 803 2517; x_wconf 90' lang='lat'><strong>,</strong></span> <span class='ocrx_word' id='word_1_537' title='bbox 830 2485 868 2511; x_wconf 92' lang='lat' dir='ltr'>ut</span> <span class='ocrx_word' id='word_1_538' title='bbox 884 2475 958 2511; x_wconf 85' lang='lat' dir='ltr'>fieri</span> <span class='ocrx_word' id='word_1_539' title='bbox 972 2476 1079 2514; x_wconf 90' lang='lat' dir='ltr'>solet,</span> <span class='ocrx_word' id='word_1_540' title='bbox 1101 2476 1176 2522; x_wconf 88' lang='lat' dir='ltr'>lege</span> <span class='ocrx_word' id='word_1_541' title='bbox 1194 2499 1204 2513; x_wconf 89' lang='lat'>‚</span> <span class='ocrx_word' id='word_1_542' title='bbox 1226 2483 1261 2509; x_wconf 82' lang='lat' dir='ltr'>ut</span> <span class='ocrx_word' id='word_1_543' title='bbox 1277 2471 1446 2518; x_wconf 71' lang='lat' dir='ltr'>exquisito</span> <span class='ocrx_word' id='word_1_544' title='bbox 1460 2470 1525 2505; x_wconf 75' lang='lat' dir='ltr'>viri</span> <span class='ocrx_word' id='word_1_545' title='bbox 1543 2494 1554 2510; x_wconf 88' lang='lat'>,</span> 
     </span>
     <span class='ocr_line' id='line_1_51' title="bbox 96 2519 1555 2568; baseline -0.005 -11"><span class='ocrx_word' id='word_1_546' title='bbox 96 2522 129 2557; x_wconf 79' lang='grc' dir='ltr'>δι</span> <span class='ocrx_word' id='word_1_547' title='bbox 147 2521 303 2558; x_wconf 88' lang='lat' dir='ltr'>mulieris</span> <span class='ocrx_word' id='word_1_548' title='bbox 317 2522 478 2558; x_wconf 83' lang='lat' dir='ltr'>consensu</span> <span class='ocrx_word' id='word_1_549' title='bbox 491 2548 501 2561; x_wconf 90' lang='lat'>,</span> <span class='ocrx_word' id='word_1_550' title='bbox 525 2534 632 2566; x_wconf 85' lang='lat' dir='ltr'>eoque</span> <span class='ocrx_word' id='word_1_551' title='bbox 643 2523 791 2568; x_wconf 67' lang='lat' dir='ltr'>praestito</span> <span class='ocrx_word' id='word_1_552' title='bbox 806 2535 920 2559; x_wconf 87' lang='lat' dir='ltr'>coram</span> <span class='ocrx_word' id='word_1_553' title='bbox 933 2523 1086 2559; x_wconf 87' lang='lat' dir='ltr'>Parocho</span> <span class='ocrx_word' id='word_1_554' title='bbox 1109 2548 1120 2561; x_wconf 88' lang='lat'>‚</span> <span class='ocrx_word' id='word_1_555' title='bbox 1144 2525 1175 2558; x_wconf 77' lang='grc' dir='ltr'>δι</span> <span class='ocrx_word' id='word_1_556' title='bbox 1201 2520 1338 2557; x_wconf 84' lang='lat' dir='ltr'>testibus</span> <span class='ocrx_word' id='word_1_557' title='bbox 1361 2519 1555 2562; x_wconf 87' lang='lat' dir='ltr'>conjunge-</span> 
     </span>
     <span class='ocr_line' id='line_1_52' title="bbox 95 2564 1554 2614; baseline -0.004 -11"><span class='ocrx_word' id='word_1_558' title='bbox 95 2578 237 2610; x_wconf 72' lang='lat' dir='ltr'>remur,</span> <span class='ocrx_word' id='word_1_559' title='bbox 263 2570 396 2605; x_wconf 87' lang='lat' dir='ltr'>servata</span> <span class='ocrx_word' id='word_1_560' title='bbox 421 2568 532 2605; x_wconf 80' lang='lat' dir='ltr'>forma</span> <span class='ocrx_word' id='word_1_561' title='bbox 554 2570 699 2605; x_wconf 83' lang='lat' dir='ltr'>Decreti</span> <span class='ocrx_word' id='word_1_562' title='bbox 720 2571 954 2607; x_wconf 83' lang='lat' dir='ltr'>Conciliaris.</span> <span class='ocrx_word' id='word_1_563' title='bbox 980 2571 1057 2610; x_wconf 86' lang='lat' dir='ltr'>At,</span> <span class='ocrx_word' id='word_1_564' title='bbox 1083 2570 1141 2605; x_wconf 89' lang='lat' dir='ltr'>ubi</span> <span class='ocrx_word' id='word_1_565' title='bbox 1167 2567 1327 2614; x_wconf 80' lang='lat' dir='ltr'>requisita</span> <span class='ocrx_word' id='word_1_566' title='bbox 1344 2566 1410 2602; x_wconf 85' lang='lat' dir='ltr'>suit</span> <span class='ocrx_word' id='word_1_567' title='bbox 1435 2564 1554 2599; x_wconf 90' lang='lat' dir='ltr'>dehoc</span> 
     </span>
     <span class='ocr_line' id='line_1_53' title="bbox 97 2609 1558 2664; baseline -0.004 -14"><span class='ocrx_word' id='word_1_568' title='bbox 97 2615 258 2654; x_wconf 86' lang='lat' dir='ltr'>consensu</span> <span class='ocrx_word' id='word_1_569' title='bbox 270 2629 289 2652; x_wconf 92' lang='lat' dir='ltr'>a</span> <span class='ocrx_word' id='word_1_570' title='bbox 311 2617 467 2652; x_wconf 87' lang='lat' dir='ltr'>Parocho</span> <span class='ocrx_word' id='word_1_571' title='bbox 485 2643 495 2657; x_wconf 90' lang='lat'><em>‚</em></span> <span class='ocrx_word' id='word_1_572' title='bbox 519 2617 629 2652; x_wconf 87' lang='lat' dir='ltr'>renuit</span> <span class='ocrx_word' id='word_1_573' title='bbox 643 2618 845 2664; x_wconf 73' lang='lat' dir='ltr'>Magdalcna</span> <span class='ocrx_word' id='word_1_574' title='bbox 860 2645 870 2658; x_wconf 92' lang='lat'><strong>,</strong></span> <span class='ocrx_word' id='word_1_575' title='bbox 898 2619 930 2653; x_wconf 78' lang='grc' dir='ltr'>δι</span> <span class='ocrx_word' id='word_1_576' title='bbox 945 2617 1087 2658; x_wconf 77' lang='lat' dir='ltr'>joannes</span> <span class='ocrx_word' id='word_1_577' title='bbox 1105 2617 1271 2652; x_wconf 81' lang='lat' dir='ltr'>Nicolaus</span> <span class='ocrx_word' id='word_1_578' title='bbox 1283 2641 1293 2655; x_wconf 88' lang='lat'>,</span> <span class='ocrx_word' id='word_1_579' title='bbox 1321 2623 1358 2649; x_wconf 90' lang='lat' dir='ltr'>ut</span> <span class='ocrx_word' id='word_1_580' title='bbox 1373 2623 1436 2661; x_wconf 86' lang='lat' dir='ltr'>par</span> <span class='ocrx_word' id='word_1_581' title='bbox 1451 2609 1558 2663; x_wconf 76' lang='lat' dir='ltr'>refer-</span> 
     </span>
     <span class='ocr_line' id='line_1_54' title="bbox 94 2662 1555 2712; baseline -0.003 -13"><span class='ocrx_word' id='word_1_582' title='bbox 94 2673 148 2699; x_wconf 81' lang='lat' dir='ltr'>ret</span> <span class='ocrx_word' id='word_1_583' title='bbox 165 2687 174 2700; x_wconf 82' lang='grc'><strong><em>,</em></strong></span> <span class='ocrx_word' id='word_1_584' title='bbox 196 2664 273 2700; x_wconf 88' lang='lat' dir='ltr'>vale</span> <span class='ocrx_word' id='word_1_585' title='bbox 290 2665 378 2700; x_wconf 83' lang='lat' dir='ltr'>dixit</span> <span class='ocrx_word' id='word_1_586' title='bbox 390 2664 612 2700; x_wconf 85' lang='lat' dir='ltr'>matrimonio</span> <span class='ocrx_word' id='word_1_587' title='bbox 625 2691 634 2703; x_wconf 84' lang='lat'>,</span> <span class='ocrx_word' id='word_1_588' title='bbox 659 2665 912 2712; x_wconf 76' lang='lat' dir='ltr'>declaravitque</span> <span class='ocrx_word' id='word_1_589' title='bbox 931 2666 1025 2700; x_wconf 88' lang='lat' dir='ltr'>nolle</span> <span class='ocrx_word' id='word_1_590' title='bbox 1042 2664 1124 2700; x_wconf 89' lang='lat' dir='ltr'>illud</span> <span class='ocrx_word' id='word_1_591' title='bbox 1138 2662 1338 2699; x_wconf 81' lang='lat' dir='ltr'>contrahere</span> <span class='ocrx_word' id='word_1_592' title='bbox 1351 2689 1360 2702; x_wconf 90' lang='lat'><em>,</em></span> <span class='ocrx_word' id='word_1_593' title='bbox 1387 2670 1489 2706; x_wconf 85' lang='lat' dir='ltr'>atque</span> <span class='ocrx_word' id='word_1_594' title='bbox 1506 2667 1555 2692; x_wconf 82' lang='lat' dir='ltr'>ita</span> 
     </span>
    </p>
   </div>
   <div class='ocr_carea' id='block_1_5' title="bbox 95 2707 1557 2789">
    <p class='ocr_par' dir='ltr' id='par_1_7' title="bbox 95 2707 1557 2789">
     <span class='ocr_line' id='line_1_55' title="bbox 95 2707 1557 2789; baseline -0.005 -43"><span class='ocrx_word' id='word_1_595' title='bbox 95 2710 132 2747; x_wconf 89' lang='lat' dir='ltr'>in</span> <span class='ocrx_word' id='word_1_596' title='bbox 147 2710 285 2750; x_wconf 83' lang='lat' dir='ltr'>irritum</span> <span class='ocrx_word' id='word_1_597' title='bbox 299 2712 393 2748; x_wconf 84' lang='lat' dir='ltr'>cessit</span> <span class='ocrx_word' id='word_1_598' title='bbox 406 2711 600 2759; x_wconf 73' lang='lat' dir='ltr'>Apostolica</span> <span class='ocrx_word' id='word_1_599' title='bbox 614 2711 816 2759; x_wconf 78' lang='lat' dir='ltr'>dispensatio</span> <span class='ocrx_word' id='word_1_600' title='bbox 832 2742 840 2751; x_wconf 91' lang='lat'><strong>.</strong></span> <span class='ocrx_word' id='word_1_601' title='bbox 866 2712 915 2750; x_wconf 86' lang='lat' dir='ltr'>Ut</span> <span class='ocrx_word' id='word_1_602' title='bbox 930 2713 1034 2761; x_wconf 84' lang='lat' dir='ltr'>igitur</span> <span class='ocrx_word' id='word_1_603' title='bbox 1049 2711 1257 2760; x_wconf 82' lang='lat' dir='ltr'>Magdalena</span> <span class='ocrx_word' id='word_1_604' title='bbox 1271 2709 1372 2747; x_wconf 90' lang='lat' dir='ltr'>alteri</span> <span class='ocrx_word' id='word_1_605' title='bbox 1388 2707 1477 2789; x_wconf 59' lang='lat' dir='ltr'>Vibro</span> <span class='ocrx_word' id='word_1_606' title='bbox 1494 2715 1557 2739; x_wconf 87' lang='lat' dir='ltr'>nu-</span> 
     </span>
     <span class='ocr_line' id='line_1_56' title="bbox 382 2763 1510 2789; baseline -0.005 3"><span class='ocrx_word' id='word_1_607' title='bbox 382 2774 385 2778; x_wconf 62' lang='lat'><em>&lt;</em></span> <span class='ocrx_word' id='word_1_608' title='bbox 1452 2763 1510 2789; x_wconf 81' lang='lat' dir='ltr'>ere</span> 
     </span>
    </p>
   </div>
  </div>
 </body>
</html>
