1977 3028
1553 140 1589 168 11

180 156 380 198 ULLlUS,
404 158 491 194 SEU
503 159 860 201 ORBITELLANA
876 166 1178 206 ERECTIONIS
1191 171 1590 215 CANONICATth:
1653 179 1738 223 Sefs.
1757 191 1906 228 24.c.12.

204 204 417 240 [testamento
432 232 442 246 ‚
468 209 556 254 quod
570 211 726 246 condidit
743 224 832 247 anno
850 223 956 260 1719.
970 218 1111 252 Horatia
1129 219 1275 256 Venturi
1287 224 1398 260 Pumis
1409 225 1510 262 Civis
1521 227 1588 264 Or·
1625 227 1665 263 de
1680 231 1751 274 Ryfss

115 251 232 286 bitelli
251 278 261 291 ,
276 253 400 297 scripto
420 254 553 290 haerede
566 256 709 302 Joiepho
725 260 873 296 Venturi
892 263 1025 303 Fratre,
1043 265 1074 298 &
1089 265 1278 305 substitutis
1292 271 1591 315 descendentibus,

112 300 163 333 his
180 299 285 334 desc&
296 301 321 333 is
336 300 511 336 substituit
536 304 706 340 Floridam
731 307 843 342 Pomis
860 307 967 343 filiam
983 310 1071 345 suam
1089 339 1099 351 ,
1123 325 1231 360 eaque
1259 316 1439 359 demach,
1469 333 1508 356 ex
1524 321 1590 357 affe

112 347 322 382 haereditatis
344 348 406 383 sua:
434 347 546 390 iussit,
571 361 608 385 ut
635 353 827 399 erigeretur
845 356 878 390 in
903 356 1053 394 Ecclesia
1075 359 1273 406 collegiata
1295 364 1469 403 Civitatis
1482 370 1593 404 Orbi-

111 394 190 431 telli
209 394 452 430 Canonicatus
466 420 476 433 ,
498 398 595 440 cujus
614 400 761 435 activum
777 401 833 442 Jus
847 403 1055 442 patronatus
1067 405 1230 451 spectaret
1244 412 1395 448 adFilios
1410 442 1420 455 ,
1442 415 1592 463 aliosque

112 441 351 477 descendentes
369 454 386 475 a
417 443 552 478 Florida
569 472 578 484 ‚
606 446 771 492 paffivum
799 461 881 485 vero
907 452 1095 494 pertineret
1119 457 1159 490 ad
1179 459 1427 502 proximiorem
1452 463 1590 498 descen-

112 489 237 524 dentiae
251 489 302 523 his
332 491 447 525 verbis
463 491 650 528 necessario
667 497 914 542 apponendis„
941 501 1075 545 quando
1092 502 1131 539 vi
1147 501 1192 539 fia
1207 504 1243 538 in
1267 507 1366 543 abito
1385 508 1563 545 Clericale
1575 538 1588 554 ‚

114 562 138 576 ,‚
164 538 202 570 ed
222 536 384 582 insignito
402 537 536 574 almeno
556 540 646 574 della
662 543 774 586 prima
789 544 932 581 clerical
945 546 1104 584 Tonsura
1119 576 1129 590 ‚
1154 556 1231 586 anzi
1247 556 1445 591 trovandofi
1458 558 1586 594 alcuno

111 610 140 625 ,‚
163 582 250 618 della
265 584 359 618 detta
382 584 612 622 descendenza
629 589 765 626 minore
777 591 832 627 del
850 592 1022 629 settennio
1038 622 1049 635 ‚
1076 596 1164 633 edin
1179 600 1235 635 eta
1251 603 1383 646 puerile
1396 630 1406 644 ‚
1431 607 1472 640 ed
1488 606 1586 640 inca-

112 656 136 671 „
161 641 242 675 pace
258 631 347 666 della
361 633 467 676 prima
489 630 649 669 Tonsura
663 663 672 677 ‚
701 637 843 675 intendo
857 667 867 680 ‚
890 654 909 676 e
924 642 1064 689 voglio,
1077 645 1139 680 che
1153 648 1270 692 quello
1284 659 1422 697 ottenga
1438 653 1464 687 il
1477 653 1584 689 detto

111 704 139 720 „
163 678 378 714 Canonicato
396 706 405 719 ‚
431 691 450 713 e
470 681 503 714 lo
521 683 651 730 ritenga
666 683 773 720 titulo
788 687 953 730 seculari,
978 689 1023 724 fin
1039 703 1057 726 a
1076 692 1138 727 che
1155 693 1306 731 stabiliti
1329 710 1347 733 a
1370 708 1466 743 poter
1487 701 1582 735 rice-

114 751 140 767 ,‚
165 737 243 760 vere
264 726 295 759 la
312 727 421 770 prima
435 726 591 765 Tonsura
611 758 619 770 ,
641 743 658 765 e
676 732 751 768 farsi
765 734 959 780 Chicrico„
978 749 998 771 e
1012 736 1179 776 frattanto
1197 769 1208 782 ‚
1240 746 1280 778 ed
1297 744 1331 779 in
1351 747 1429 793 quel
1449 758 1582 783 mentre

109 798 132 813 ‚,
162 771 187 805 il
201 771 414 809 Canonicato
427 774 469 808 sia
496 778 741 815 amministrato
754 783 794 816 da
821 794 864 817 un
884 784 1058 821 Economo
1084 788 1151 823 ἃς.
1171 801 1189 824 e
1218 790 1335 838 questo
1359 796 1500 830 intendo
1525 822 1536 835 ,
1561 807 1580 829 e

105 845 134 860 ,.
159 820 276 866 voglio
289 847 299 859 ‚
328 822 391 856 che
407 821 428 855 fi
442 821 563 858 offervi
581 837 639 870 per
653 827 755 874 legge
773 833 908 874 apposta
927 832 1020 867 nella
1038 832 1240 872 fondazione
1255 840 1416 882 praesente
1430 844 1462 877 di
1479 845 1578 878 detto

105 892 131 908 ,‚
154 866 373 902 Canonicato
387 894 397 907 ‚
421 880 439 903 e
454 868 496 904 da
512 872 735 910 autorizzarsi
747 877 829 912 dall’
842 878 1035 916 Ordinatio
1049 893 1066 915 a
1083 881 1140 916 suo
1156 893 1289 930 tempo,
1311 899 1329 921 e
1347 891 1400 923 nel
1416 889 1491 925 caso
1508 916 1517 928 ‚
1536 891 1578 925 ed

106 940 132 955 „
161 923 233 949 atto
246 914 327 948 dell’
341 917 515 952 erezzione
527 944 537 956 ,
561 931 579 953 e
594 920 634 954 da
650 922 840 966 pratticarfi
854 925 1080 962 esattamente
1094 954 1105 966 ‚
1137 933 1175 965 ed
1188 931 1494 973 inviolabilmente
1520 939 1579 973 nc'

106 988 129 1002 ,‚
154 961 223 995 suoi
239 960 301 996 cali
320 989 329 1001 ‚
353 964 415 997 che
431 964 453 998 fi
466 965 616 1001 daranno
630 967 662 1002 in
684 980 849 1015 perpetuo
862 999 873 1012 ,
903 986 922 1008 e
937 986 1005 1010 non
1024 976 1242 1014 altrimenti.

58 1008 211 1047 Deceffit
225 1007 290 1046 sine
306 1008 422 1046 liberis
449 1011 566 1057 Josepli
586 1014 734 1051 Venturi
752 1017 854 1054 haeres
870 1021 1036 1066 scriptus,
1063 1025 1264 1070 decessitque
1278 1040 1370 1063 anno
1386 1041 1481 1076 1749.
1493 1033 1577 1068 1²10-

104 1058 177 1095 sida
193 1056 301 1091 Pomis
314 1082 325 1096 ‚
354 1057 441 1093 itaut
460 1061 591 1096 venerit
608 1063 680 1099 dies
693 1066 846 1111 erigendi
863 1067 1118 1105 Canonicatum
1132 1096 1143 1106 .
1170 1074 1320 1109 Horatia
1334 1087 1440 1122 igitur
1456 1107 1466 1120 ,
1494 1081 1572 1115 Ma·

101 1105 223 1140 rianna
237 1127 248 1141 ,
272 1104 304 1138 ὅτ
320 1104 469 1150 Sulpicia
495 1107 572 1143 filiae
590 1110 733 1149 Floridae
752 1124 867 1157 preces
893 1117 1094 1152 obtulerunt
1118 1120 1223 1156 Sacro
1244 1122 1325 1158 huic
1361 1125 1544 1162 sribunali
1559 1155 1569 1168 ,

100 1152 223 1198 quibus
237 1151 452 1197 postulabant
469 1181 479 1195 ‚
503 1164 539 1190 ut
559 1155 843 1196 Eminentiffimus
867 1163 985 1198 Abbas
1012 1165 1266 1204 canonicatum
1294 1171 1467 1219 erigeret,
1497 1175 1571 1210 ser-

99 1199 192 1234 vatis
210 1225 217 1235 ‚
247 1199 465 1247 probatisque
494 1204 620 1240 duabus
649 1207 906 1245 conditionibus
922 1223 940 1245 a
974 1211 1164 1249 Testarrice
1175 1215 1312 1255 adiet‘kis
1328 1256 1329 1259 Ἴ
1343 1246 1352 1258 ,
1381 1230 1416 1255 ut
1447 1233 1567 1267 nempe

99 1246 254 1281 Clericus
267 1246 442 1290 septennio
470 1262 536 1284 non
561 1253 668 1293 maior
688 1253 948 1293 canonicatum
968 1258 1131 1296 obtinere
1158 1262 1288 1307 postet,
1313 1276 1418 1312 utque
1433 1281 1566 1317 pariter

98 1294 201 1328 illum
216 1293 368 1329 saeeulari'
387 1298 488 1331 titulo
502 1308 654 1335 retinere
669 1302 774 1345 posit-t
801 1305 886 1341 Puer
906 1305 1083 1351 septennio
1096 1310 1208 1346 minor
1223 1335 1234 1346 .
1264 1314 1414 1351 Auditus
1439 1325 1478 1352 de
1501 1318 1566 1353 hac

97 1340 330 1387 postulatione
342 1342 623 1382 Eminentiffimus
636 1351 752 1386 Abbas
764 1350 886 1388 diserta
901 1353 1043 1400 epistola
1059 1355 1175 1400 respon
1189 1359 1229 1392 {it
1244 1361 1389 1405 primam
1399 1364 1511 1410 legem
1524 1367 1566 1399 de

95 1399 164 1422 non
182 1388 304 1429 maiori
322 1389 497 1431 septennio
513 1396 646 1436 probari
671 1397 784 1443 posse3
818 1400 1008 1438 Decretum
1025 1404 1116 1438 enim
1155 1403 1358 1444 Tridentini
1373 1420 1440 1445 non
1457 1413 1563 1447 habe-

94 1447 134 1471 γε
154 1435 267 1470 locum
284 1435 319 1469 in
343 1437 722 1480 Bensficiisl’atronatis
739 1473 749 1486 ,
772 1447 804 1481 in
828 1460 970 1495 quorum
996 1450 1202 1488 fundatione
1230 1455 1283 1488 lex
1301 1455 1378 1491 data
1403 1457 1468 1494 suit
1495 1460 1564 1494 mi-

94 1483 188 1518 noris
203 1484 334 1525 matis,
362 1496 399 1522 ut
413 1498 479 1523 uno
505 1490 665 1528 consensu
684 1495 821 1530 tradunt
840 1501 973 1534 Corrad.
989 1502 1137 1546 inprax
1157 1502 1297 1549 dlspens·
1310 1503 1375 1539 lib·
1388 1518 1420 1545 a·
1437 1517 1508 1553 cap-
1532 1519 1563 1542 Ι·

95 1543 187 1566 niam.
208 1541 234 1566 1.
254 1535 398 1570 Vivi'an.
414 1537 452 1568 de
476 1537 662 1585 6ῗιινιψαῖν.
677 1541 742 1577 lib.
756 1545 790 1580 6.
815 1557 889 1590 cap.
903 1545 936 1581 6.
961 1559 1051 1582 num.
1073 1553 1123 1581 16.
1139 1573 1148 1587 ‚
1172 1547 1307 1593 Barbofi
1322 1558 1361 1588 de
1377 1554 1464 1599 Offic.
1479 1580 1489 1594 ‚
1516 1559 1561 1592 ἔφ’

91 1583 174 1612 Tot.
190 1580 294 1625 Episc.
311 1579 413 1626 alleg.
430 1588 488 1618 60.
503 1596 590 1620 num.
608 1597 662 1628 77.
674 1596 756 1635 par.
781 1601 809 1630 3.
832 1594 977 1630 ciarlin.
1002 1604 1160 1631 controv.
1178 1606 1229 1641 53.
1254 1610 1345 1634 num.
1368 1610 1420 1640 50.
1443 1608 1560 1638 „Anto-

91 1625 228 1661 neN-de
242 1635 346 1673 temp·
360 1628 415 1675 lig
441 1629 501 1664 lib.
525 1640 555 1665 2.
580 1637 642 1668 tit.
669 1637 707 1670 de
734 1640 832 1672 annis
856 1649 928 1686 cap.
956 1643 989 1679 8.
1021 1648 1140 1688 capon.
1169 1643 1304 1692 difiept.
1325 1647 1452 1692 ferens·
1482 1653 1558 1686 108.

93 1685 183 1709 num.
198 1685 258 1714 90·
271 1678 390 1709 Pitou.
403 1678 441 1710 de
458 1688 610 1713 controv.
639 1687 782 1719 Patron.
813 1686 916 1733 alleg.
935 1692 988 1724 80.
1004 1701 1091 1724 num.
1107 1699 1136 1725 2.
1163 1694 1352 1730 Panimoll.
1380 1696 1479 1737 decisi
1500 1697 1559 1739 890

93 1729 208 1755 annot.
231 1733 255 1755 ι.
270 1734 358 1757 num.
376 1731 427 1767 ²3·
443 1724 475 1757 &
491 1723 662 1767 respondit
681 1729 743 1765 hoc
759 1732 895 1768 Sacrum
921 1734 1094 1770 Tribunai
1110 1736 1145 1771 in
1176 1740 1348 1776 Terrulen-
1363 1744 1558 1780 Ereblionis

95 1769 288 1814 &lagine
302 1781 336 1815 9.
351 1771 531 1806 febr-iaris·
550 1781 645 1815 1696.
662 1803 672 1815 ‚
700 1784 741 1814 s&
757 1781 791 1814 in
803 1781 1006 1822 Praenestina
1022 1786 1247 1820 fundationis
1257 1788 1418 1830 Beneficii
1429 1790 1508 1827 data
1523 1792 1559 1826 in
1573 1793 1576 1796 ’

93 1816 190 1851 Folio
209 1819 484 1862 (nngagoeivnis
502 1819 626 1855 habitae
641 1822 694 1859 dle
710 1828 978 1873 28.5eptembrt‘s
999 1840 1097 1873 1743.
1115 1831 1203 1873 Thes
1220 1835 1372 1877 Resolut.
1385 1842 1460 1870 Sac.
1481 1844 1561 1873 (fon-

85 1873 188 1909 greg.
203 1864 278 1898 Vol.
297 1868 370 1897 ΧΠ.
394 1889 404 1903 ,
430 1864 460 1898 &
475 1864 614 1904 definita
628 1871 682 1906 die
700 1880 748 1905 12.
775 1877 903 1909 Martii
923 1887 1010 1913 anno
1043 1882 1166 1918 ¹746·,
1195 1886 1234 1912 ut
1264 1878 1298 1915 in
1321 1880 1444 1918 eodem
1475 1885 1562 1923 The-

84 1913 178 1955 satir·
194 1910 271 1944 Vol.
286 1916 356 1945 Xl'.

50 1957 235 1994 Diversum
251 1969 330 1993 vero
342 1959 468 1999 censuit
485 1962 571 2001 idem
595 1966 885 2008 Eminentiffimus
903 1971 1023 2009 Abbas
1040 1973 1081 2010 de
1113 1973 1225 2013 altera
1248 1977 1324 2026 lege
1339 2005 1349 2018 ,
1378 1989 1417 2016 ut
1434 1979 1561 2016 Cano-

94 2005 245 2041 nicatum
260 2008 415 2044 obtinere
429 2012 558 2056 poss-nt
571 2016 671 2054 Pueri
700 2019 879 2065 septennio
897 2021 1046 2058 minores
1060 2025 1167 2058 mulo
1179 2025 1330 2062 saeculari
1344 2055 1353 2066 ‚
1381 2031 1470 2074 quod
1486 2029 1558 2065 hxc

94 2064 253 2099 repugnet
276 2065 404 2092 naturae
419 2084 429 2097 ,
454 2062 484 2094 ὅ(
501 2060 688 2102 substantiae
707 2066 891 2105 Beneficii,
921 2069 1065 2115 ideoque
1089 2082 1185 2115 putat
1205 2073 1267 2108 hoc
1300 2078 1401 2110 modo
1424 2075 1557 2110 facien·

87 2099 171 2135 dam
183 2100 248 2137 esse
270 2105 474 2142 erectionem
489 2138 498 2151 ,
522 2120 559 2144 ut
576 2136 596 2149 .,
622 2114 766 2149 reficitis
784 2116 894 2152 verbis
909 2116 979 2151 illis
997 2144 1006 2158 ‚
1031 2120 1154 2164 quibus
1169 2121 1297 2158 dicitur
1311 2124 1482 2158 minorem
1503 2122 1558 2159 se-

94 2172 118 2187 „
143 2149 284 2190 ptennio
304 2151 496 2198 incapacem
510 2157 627 2200 primae
646 2159 811 2198 Tons=rx
823 2164 975 2201 obtinere
997 2165 1083 2207 posse
1100 2167 1356 2205 canonicatum
1372 2195 1383 2208 ‚
1403 2172 1435 2205 8<
1459 2171 1558 2207 illum

91 2219 118 2234 ,‚
142 2195 286 2231 retinere
302 2198 405 2234 titulo
421 2202 570 2239 saeculari
587 2233 597 2245 ,
623 2209 798 2256 quousque
815 2212 1011 2256 pervenerit
1026 2215 1067 2247 ad
1080 2214 1297 2254 Clericatum
1313 2243 1323 2256 ‚
1348 2217 1400 2252 his
1415 2217 1556 2263 inquam

93 2267 117 2281 „
142 2244 285 2284 omiflis,
310 2246 343 2280 in
372 2248 481 2284 locum
512 2252 648 2291 illorum
669 2257 798 2292 dicatur
812 2259 940 2298 solum,
968 2262 1057 2305 quod
1077 2262 1142 2297 tali
1168 2264 1267 2304 casu,
1296 2265 1462 2300 videlicet
1476 2266 1554 2300 exi-

91 2314 114 2331 „
144 2288 241 2324 stente
254 2292 363 2330 Puero
377 2307 455 2332 ante
473 2298 682 2344 septennium
700 2331 709 2344 ‚
736 2303 859 2342 fructus
873 2306 1107 2345 Canonicatus
1127 2312 1284 2347 vacantis
1300 2313 1436 2348 interim
1454 2339 1464 2351 ,
1490 2313 1552 2347 do-

92 2361 116 2377 ,‚
143 2348 201 2370 nec
220 2339 301 2389 lffuer
317 2347 510 2385 pervenerit
531 2350 569 2383 ad
586 2359 720 2386 :etatem
734 2354 942 2400 completam
965 2355 1094 2402 septem
1108 2369 1278 2394 annorum
1293 2386 1302 2399 ,
1329 2360 1361 2394 &
1389 2358 1495 2394 fastus
1513 2360 1552 2395 fit

90 2410 114 2424 ,‚
141 2384 299 2436 Clericus
317 2401 474 2427 maneant
489 2393 549 2429 sub
569 2398 866 2436 administratione
880 2400 1059 2438 AEconomi
1075 2405 1117 2438 ab
1134 2405 1316 2442 Ordinatio
1330 2408 1551 2453 deputandi,

89 2459 114 2472 ,‚
139 2443 196 2477 qui
213 2459 222 2468 ,
249 2433 423 2474 satisfaetis
436 2442 599 2478 oneribus
616 2444 783 2482 missarum
799 2475 808 2487 ,
838 2461 875 2484 ac
889 2449 969 2486 aliis
984 2450 1217 2488 Canonicatui
1239 2454 1378 2489 annexis
1395 2479 1405 2492 ‚
1432 2455 1548 2490 ratio-

88 2505 113 2520 „
138 2490 212 2513 nem
228 2481 271 2515 de
289 2484 357 2518 illis
376 2489 514 2523 reddere
527 2491 649 2526 debeat
668 2524 671 2529 ,
694 2494 868 2543 postquam
888 2495 977 2532 Puer
1001 2495 1136 2534 effeetus
1160 2499 1342 2543 Clericus,
1374 2502 1548 2538 mediante

87 2551 112 2566 ‚‚
137 2529 354 2571 expeditione
383 2534 558 2571 Bullarum
574 2565 581 2572 ,
601 2540 790 2578 obtinuerit
813 2544 1054 2581 investituram
1071 2572 1081 2585 ,
1107 2547 1138 2580 δι
1167 2546 1397 2592 posseffionem
1425 2547 1547 2586 Cano-

88 2599 113 2613 „
138 2583 234 2610 catus
249 2603 266 2616 ‚.
285 2603 293 2610 .
323 2579 401 2613 Non
419 2582 551 2626 placuit
567 2584 724 2623 Patronis
740 2589 810 2626 haec
824 2592 910 2626 ratio
926 2620 935 2632 ,
959 2593 990 2626 δι
1008 2596 1121 2629 modus
1135 2595 1176 2628 ab
1190 2594 1460 2632 Eminentiiiimo
1478 2599 1549 2632 Ab·

87 2622 164 2655 bate
181 2625 370 2668 propositus
386 2654 393 2666 ,
418 2630 476 2674 qui
497 2632 642 2668 omnino
656 2635 854 2673 servandam
868 2638 931 2674 esse
955 2643 1168 2676 contendunt
1191 2641 1396 2680 Testatricis
1420 2645 1546 2680 volun-

86 2678 193 2703 tatem
205 2672 244 2704 de
257 2672 374 2708 Pueris
390 2674 570 2721 septennio
601 2681 814 2723 minoribus,
837 2686 917 2731 quia
944 2697 1008 2721 non
1029 2698 1201 2735 repugnet
1219 2700 1345 2727 naturae
1359 2717 1370 2731 ‚
1400 2693 1430 2726 ὅ(
1461 2692 1545 2727 sub·

85 2715 214 2751 stantiae
230 2716 388 2768 Beneficii
406 2749 416 2761 ‚
440 2734 477 2758 ut
491 2727 680 2763 retineatur
693 2742 734 2765 ex
755 2731 827 2778 lege
850 2734 1062 2770 fundationis
1076 2736 1179 2772 etiarn
1191 2749 1210 2772 a
1224 2750 1330 2785 puero
1344 2749 1423 2775 ante
1448 2738 1544 2773 Fon-

87 2763 199 2801 suram
214 2767 319 2802 titulo
335 2770 487 2807 seculari
505 2774 811 2815 administrationis
827 2808 837 2824 ‚
861 2791 899 2816 ut
917 2782 1053 2819 tradunt
1073 2788 1204 2822 Cor-rad.
1218 2789 1253 2822 in
1281 2792 1402 2869 Pinax-l
1419 2787 1543 2868 Ξίφπῖ·

221 2816 397 2854 Tome-XAI.
919 2829 946 2864 B
970 2840 992 2864 2
1403 2837 1417 2871 i
1442 2842 1499 2878 0⁴·
