1956 3017
301 208 324 226 ‚‚
345 133 559 217 ggelarantes
572 176 685 207 tamen
701 191 710 204 ,
731 166 894 209 quatenus
911 155 1020 193 dicius
1035 149 1196 186 Clericus
1218 140 1376 191 Zappieri
1403 135 1490 174 velit
1516 135 1561 173 ad
1574 132 1720 170 Ordines
1741 141 1827 176 pro*⁹

300 224 331 269 *‚,
356 222 499 264 moveri,
516 217 608 253 nolle
622 225 680 249 nos
699 207 874 257 praesentes
891 202 1013 237 nostras
1040 200 1156 236 literas
1173 195 1207 231 in
1221 193 1334 237 aliquo
1350 186 1383 222 ei
1399 183 1568 229 suffragari
1588 181 1698 227 quoad
1713 177 1829 221 hujus⁴

307 268 332 318 ,ζ
359 269 449 307 modi
465 263 717 314 promotionem
733 283 755 297 ‚‚
767 253 869 290 Hisce
886 250 990 285 literis
1004 242 1282 282 testimonialibus
1294 234 1442 284 acceptis
1456 258 1466 275 ‚
1487 228 1681 267 franciscus
1695 225 1831 262 Benefi-

359 320 452 354 cium
466 312 654 349 obtinuit,
668 304 804 353 eiusque
817 297 1046 348 possessionem
1072 293 1187 328 nactus
1199 288 1255 326 est.

319 365 397 407 Post
411 365 481 403 haec
497 356 691 398 Franciscus
704 379 714 393 ,
740 349 888 398 praestito
901 345 1116 380 sacramento
1131 366 1139 378 ‚
1165 333 1379 372 domicilium
1391 327 1497 374 elegit
1512 324 1546 360 in
1569 321 1726 359 civitate
1742 319 1831 355 Cre-

366 422 479 452 monae
494 436 504 449 ,
527 408 558 443 δι
573 405 633 452 qui
649 412 732 438 tunc
745 391 970 436 Cremonensi
984 387 1135 426 Ecclefiae
1152 391 1312 431 praecrat,
1337 377 1520 426 Episcopus
1537 369 1732 408 Alexander
1752 366 1834 401 Lit-

370 469 404 495 ra
421 485 431 499 ‚
457 456 542 493 daris
563 451 672 487 literis
687 474 696 488 ,
719 443 854 491 rogavit
868 437 1074 485 Burgensem
1090 432 1287 479 Episcopum
1302 455 1311 468 ,
1333 438 1373 462 ut
1392 424 1507 461 literas
1526 414 1766 456 testimoniales
1782 414 1836 455 iu-

370 517 430 546 xta
456 500 710 549 cognitiflimam
735 486 1024 528 Constitutionem
1039 477 1312 517 innocentianam
1327 501 1338 519 ‚
1359 474 1452 515 cujus
1476 467 1615 505 initium
1640 463 1685 499 est
1707 469 1832 510 specu-

372 557 503 593 latores
543 543 724 584 francisco
746 538 943 574 concederet
961 559 971 570 .
995 526 1179 570 Excusavit
1193 523 1259 563 sese
1281 524 1326 558 de
1343 522 1395 557 his
1417 515 1530 554 literis
1552 508 1833 549 testimonialibus

372 599 555 646 Episcopus
571 587 745 637 Burgensu
759 586 870 633 plures
882 579 1028 620 referens
1050 574 1161 611 causas
1175 598 1185 612 ‚
1207 572 1253 608 ob
1273 582 1353 619 quas
1371 578 1426 603 eas
1443 564 1557 598 literas
1572 561 1654 598 darc
1672 568 1742 593 non
1759 553 1835 600 pos-

375 648 422 685 set
438 671 448 681 .
475 642 568 679 Urfit
594 639 693 680 novis
716 633 826 670 literis
848 629 1024 675 Episcopus
1048 617 1282 659 Cremonensis
1306 645 1315 658 ,
1339 616 1397 653 sed
1420 621 1499 652 cum
1514 607 1604 643 nihil
1635 603 1810 651 proficeret
1825 626 1837 641 ,

375 693 490 729 audito
508 696 593 727 Voto
614 681 752 732 Syndici
768 706 778 719 ,
804 681 835 715 δι
848 671 1057 711 Promotoris
1071 668 1210 706 Fiscalis
1231 665 1293 704 sule
1315 662 1430 698 -Curiae
1446 685 1456 699 ‚
1480 655 1601 692 Mense
1615 650 1757 691 OCiobri
1777 660 1838 682 an-

369 742 404 781 ni
431 744 526 783 1748.
541 735 697 774 Minores
711 727 858 765 Ordines
874 718 1051 759 francisco
1065 715 1233 752 contulit3
1256 712 1385 746 Literas
1409 707 1487 745 inde
1501 699 1769 738 ‘testimoniales
1784 695 1841 730 ei-

373 790 449 823 dem
474 781 652 825 francisco
675 773 833 813 concessit
848 798 858 811 ‚
884 779 923 805 ut
947 773 1188 814 aquosumque
1213 758 1377 803 Episcopo
1389 755 1432 790 ad
1457 754 1565 789 sacros
1587 747 1737 785 Ordines
1758 754 1841 791 pro-

373 832 509 872 moveri
532 827 664 875 possem
692 823 778 871 quod
802 819 924 856 fastum
939 815 1006 850 suit
1021 839 1031 854 ,
1056 812 1144 846 itaut
1166 808 1371 845 Cremonam
1386 800 1535 836 reversus
1552 793 1753 831 Franciscus
1773 791 1844 837 pri-

371 892 464 918 mum
483 881 625 915 Sacrum
641 872 712 919 egit
728 894 738 905 .
762 868 814 907 Ut
838 866 999 902 Parentes
1021 858 1187 898 reviseret
1208 881 1218 894 ,
1243 851 1389 887 Terram
1409 845 1693 887 Monticellorum
1717 865 1728 879 ‚
1768 850 1842 884 quae

375 929 497 976 quinto
522 922 635 970 lapide
659 921 832 955 Cremona
845 910 942 949 distat
956 933 968 947 2
991 906 1142 944 reversus
1158 901 1205 940 est
1225 898 1424 941 Franciscus
1439 922 1449 935 ‚
1475 893 1591 938 ibique
1606 889 1717 924 etiam
1742 886 1843 921 Sacra

372 977 444 1024 egit
459 1000 469 1014 ‚
489 973 578 1019 quod
590 977 627 1004 ut
642 965 778 1005 rescivit
791 960 975 1008 Episcopus
990 952 1162 999 Bur-gensis
1178 976 1187 990 ,
1215 949 1245 985 ei
1263 939 1491 982 denunciavit
1505 967 1515 980 ‚
1542 947 1579 974 ut
1594 934 1732 972 a'Sacris
1745 943 1845 978 agen-

370 1027 421 1060 dis
444 1019 622 1057 abstineret
636 1040 646 1054 ,
675 1013 735 1050 eui
758 1019 870 1045 tamen
887 1001 1148 1040 denunciatiom
1168 993 1360 1032 franciscus
1380 1002 1448 1025 non
1470 983 1727 1033 obtemperavit
1745 980 1846 1014 Sacra

372 1080 476 1119 agens
500 1067 533 1100 in
548 1064 685 1112 privata
706 1056 877 1104 Cappella
901 1048 1224 1100 Cappuccinorum:
1249 1053 1326 1077 mox
1343 1039 1548 1074 Cremonam
1560 1039 1723 1077 repetens
1737 1026 1849 1073 publi-

373 1131 413 1155 ce
434 1118 533 1151 Sacra
548 1111 618 1158 egit
633 1137 643 1151 ,
670 1117 772 1154 atque
786 1104 857 1151 agit
872 1128 882 1142 ,
912 1101 944 1135 &
968 1097 1071 1137 Sacro
1089 1094 1168 1132 huic
1184 1086 1376 1129 Tribunali
1392 1086 1434 1123 de
1453 1079 1704 1128 irregularitate
1718 1074 1775 1109 fibi
1788 1073 1849 1107 de-

374 1163 539 1202 nunciata
561 1149 904 1207 querelas'proposuit
918 1171 928 1184 .

329 1211 455 1258 Auditi
472 1210 606 1246 fuerunt
630 1231 639 1245 ,
662 1204 693 1239 δι
714 1196 889 1246 ssurgenfis
903 1222 912 1237 ‚
938 1194 967 1233 ,ἃ
983 1187 1224 1230 Cremonensis
1241 1181 1401 1234 Episcopi
1419 1207 1428 1223 ‚
1453 1180 1488 1216 &
1507 1187 1596 1213 nunc
1609 1172 1757 1219 disputat
1770 1167 1851 1201 Pto-

375 1269 489 1298 motor
514 1253 652 1293 Fiscalis
684 1245 857 1293 Burgenfis
877 1240 1092 1279 Franciscum
1117 1244 1312 1285 promotum
1326 1228 1423 1266 fuisse
1451 1227 1518 1262 fine
1531 1215 1854 1260 LiterisTestimo-

377 1307 527 1346 nialibus
542 1302 588 1337 sui
603 1296 783 1346 Episcopi,
817 1293 908 1329 itaut
930 1287 1109 1335 illegitima
1125 1284 1226 1320 fuerit
1240 1280 1387 1323 ejusdem
1406 1273 1574 1314 ordinatio
1592 1284 1600 1306 ε
1628 1267 1749 1305 scitum
1762 1272 1855 1297 nam-

379 1366 447 1404 que
460 1350 617 1388 omnibus
634 1345 697 1385 esse
722 1341 853 1381 nullum
868 1336 1044 1372 Clericum
1064 1335 1104 1370 ab
1118 1331 1228 1369 alieno
1246 1326 1409 1374 Episcopo
1424 1326 1463 1357 ad
1481 1318 1633 1356 Ordines
1657 1306 1855 1361 promoveri

378 1401 468 1451 posse
485 1426 493 1439 ,
521 1395 583 1432 nifi
604 1395 659 1432 vel
683 1386 994 1428 Dimissorialibus,
1018 1381 1076 1418 vel
1099 1374 1401 1416 Testimonialibus
1416 1367 1568 1417 Episcopi
1584 1363 1633 1399 sui
1661 1358 1788 1396 Literis
1803 1365 1859 1388 ac·

381 1447 509 1495 ceptiss
534 1441 693 1489 quidquid
710 1439 802 1473 enim
824 1434 914 1471 sitdc
941 1428 1150 1467 ordinatione
1176 1425 1354 1461 Laicorum
1370 1445 1379 1458 ‚
1405 1419 1437 1453 in
1462 1415 1581 1463 quibus
1600 1410 1730 1448 nullam
1752 1402 1857 1438 adhuc

383 1493 537 1541 Episcopi
554 1487 813 1534 jurisdlctionem
828 1479 944 1530 adepti
965 1478 1040 1514 sunt
1057 1502 1065 1515 ‚
1092 1477 1121 1510 δι
1137 1476 1175 1511 de
1190 1471 1311 1521 quibus
1324 1468 1503 1502 Sacrorum
1527 1456 1773 1496 Conciliorum
1786 1448 1859 1483 Ca-

383 1554 489 1581 nones
504 1566 514 1581 ‚
541 1539 570 1575 &
595 1540 730 1575 decreta
745 1543 816 1568 non
837 1537 963 1576 agnum
986 1522 1116 1561 Clerici
1133 1549 1142 1562 ,
1165 1520 1222 1568 qui
1250 1514 1352 1553 semel
1366 1512 1425 1549 uni
1452 1507 1620 1557 Episcopo
1641 1502 1707 1539 sese
1722 1497 1861 1545 addixe-

385 1600 465 1631 runt
480 1617 488 1631 ,
516 1593 686 1633 nequeunt
701 1582 745 1617 ab
767 1581 878 1615 altero
893 1574 1059 1626 Episcopo
1079 1568 1210 1609 caeteris
1232 1562 1416 1601 Ordinibus
1441 1553 1606 1595 honestari
1623 1579 1633 1593 ‚
1658 1557 1696 1588 ut
1709 1549 1795 1582 bene
1807 1542 1860 1578 di-

385 1637 526 1684 stinguit
549 1635 631 1670 clar.
657 1640 762 1666 mem.
783 1628 876 1663 card.
904 1630 1013 1662 Petra
1031 1622 1074 1657 ad
1103 1617 1276 1655 constitut.
1305 1607 1457 1656 apostol.
1485 1605 1598 1640 vom.
1620 1603 1654 1636 in
1681 1598 1861 1631 comment.

386 1689 429 1721 ad
447 1683 575 1724 constit.
592 1679 730 1716 VIL‘Pii
747 1681 789 1711 II.
803 1685 895 1709 num.
907 1678 961 1711 63.
978 1673 1020 1706 Θ
1034 1673 1092 1709 64.
1111 1665 1234 1709 Neque
1250 1672 1290 1696 ex
1308 1654 1431 1692 Literis
1446 1644 1748 1687 Testimonialibus
1761 1639 1864 1688 Fran-

389 1733 482 1772 cisco
495 1727 654 1765 conceflis
675 1725 717 1759 ab
732 1720 900 1770 Episcopo
916 1713 1071 1761 Burgensi
1089 1715 1265 1757 impletam
1278 1704 1344 1744 dici
1363 1701 1455 1748 posse
1471 1699 1613 1736 sormam
1628 1687 1867 1736 Constitutlo-

389 1779 442 1818 nis
470 1774 716 1814 lnnocentianae
735 1796 743 1809 ,
768 1778 844 1803 curn
864 1765 951 1801 nihil
968 1764 1003 1800 in
1019 1761 1059 1796 iis
1073 1759 1181 1795 fuerit
1192 1757 1237 1793 de
1251 1761 1348 1789 aetate
1363 1776 1373 1792 ‚
1394 1749 1434 1785 de
1448 1746 1616 1783 natalibus
1632 1767 1642 1782 ‚
1660 1741 1690 1774 &
1714 1732 1868 1771 moribus

390 1823 579 1866 Ordinandi
597 1847 606 1860 ,
629 1830 705 1854 cum
731 1812 914 1865 expressam
939 1809 1118 1863 habuerint
1132 1801 1406 1841 declarationem
1431 1791 1625 1830 inefficaciae
1650 1794 1763 1835 earum
1788 1779 1868 1832 lite-

390 1917 600 1960 Tribunalis
625 1916 660 1952 in
679 1912 843 1950 ‘Pientina
859 1932 870 1948 2
885 1908 946 1953 fleu
960 1906 1100 1943 Ilcinen.
1130 1894 1365 1935 Ordinationis
1380 1916 1390 1930 ‚
1417 1890 1452 1928 in
1466 1899 1532 1936 qua
1551 1885 1632 1922 licet
1644 1871 1869 1920 Eminentiffi-

393 1970 439 2008 mi
463 1969 581 2003 Patres
608 1960 731 1998 die18.
753 1957 852 2002 *julii
874 1966 958 1990 anno
982 1960 1084 1995 ⁸733·
1106 1943 1303 1983 censuerint
1323 1938 1548 1986 Affirmative
1574 1930 1640 1967 esse
1664 1922 1869 1971 responden·

394 2019 472 2054 dum
485 2022 521 2050 ut
537 2012 571 2048 in
595 2009 750 2051 Thesaur.
766 2002 863 2045 resol.
887 2007 960 2035 sac.
987 2004 1105 2042 congr.
1127 1996 1200 2031 Vol.
1220 1996 1277 2026 VI.
1291 1997 1373 2035 pag.
1395 1995 1461 2031 ¹3¹-
1480 1996 1490 2022 3
1515 1975 1733 2026 Repropostta
1755 1977 1870 2005 tamen

393 2062 505 2102 Causa
521 2063 573 2095 die
586 2059 620 2093 8.
633 2052 780 2100 «irrigasti
795 2048 914 2085 eodem
927 2056 1016 2079 anno
1030 2055 1049 2076 a
1065 2041 1178 2084 decisis
1193 2037 1391 2081 recesserunt
1405 2056 1415 2069 ‚
1440 2038 1478 2067 ut
1492 2032 1528 2064 in
1540 2029 1614 2063 eod.
1625 2023 1700 2061 Vol.
1713 2022 1769 2055 Vt.
1786 2015 1869 2049 The-

388 2112 573 2156 saurfflag„
591 2111 666 2149 247·
690 2098 792 2146 Qod
807 2095 829 2131 fi
852 2096 894 2131 de
909 2090 1095 2138 illegitima
1112 2083 1283 2124 Francisci
1309 2077 1525 2116 ordinatione
1541 2070 1670 2108 constat
1688 2094 1698 2110 ,
1723 2063 1874 2100 constare

395 2157 501 2196 eriam
524 2155 643 2190 debeat
658 2150 696 2185 dc
725 2142 985 2191 irregularitate
1010 2136 1162 2182 ejusdem
1181 2159 1191 2173 ,
1218 2140 1256 2166 ut
1275 2130 1432 2164 statutum
1457 2121 1557 2161 estin
1577 2119 1694 2155 eadem
1712 2119 1873 2150 Innocen-

398 2208 493 2242 tiana
523 2199 760 2241 constitutione
780 2193 815 2239 §-
837 2196 889 2228 Ita
905 2201 988 2227 vero
1010 2182 1177 2234 praemiffa
1192 2207 1202 2221 ‚
1227 2174 1427 2225 praesertim,
1450 2182 1529 2208 cum
1551 2177 1621 2202 non
1645 2163 1796 2199 obstante
1811 2156 1874 2208 de·
1901 2161 1903 2164 ⁴

403 2249 623 2288 nunciatione
639 2270 648 2285 ,
674 2252 743 2278 uta
768 2239 876 2277 Sacris
899 2241 1049 2280 parceret
1066 2259 1075 2272 ‚
1102 2232 1197 2266 Sacra
1224 2236 1339 2262 tamen
1364 2218 1562 2256 Franciscuc
1582 2223 1680 2258 agere
1702 2209 1850 2246 voluerit
1865 2226 1876 2237 .

400 2300 487 2336 Hac
502 2296 679 2332 Promotor
694 2288 833 2327 fiscalis
845 2280 1018 2330 Burgensxs
1032 2294 1042 2313 ·.
1070 2280 1104 2313 A
1119 2273 1294 2312 francisco
1304 2272 1376 2307 sero
1393 2265 1492 2303 nimis
1507 2291 1517 2303 ,
1541 2264 1572 2296 ἃ
1587 2259 1659 2309 post
1674 2259 1744 2292 haec
1753 2251 1876 2297 scripta

402 2344 560 2384 Libellus
583 2343 678 2378 datus
696 2338 760 2375 fuit
776 2359 787 2374 ,
813 2341 977 2382 quantum
991 2341 1035 2363 ex
1059 2338 1100 2361 eo
1115 2324 1262 2360 vidimus
1281 2346 1291 2359 ‚
1317 2319 1412 2364 plura
1439 2314 1474 2348 in
1500 2310 1587 2346 facio
1613 2304 1760 2341 addenda
1781 2299 1852 2334 sunt
1867 2319 1877 2330 .

402 2394 500 2438 plura
524 2391 658 2426 veriam
673 2414 683 2428 ,
708 2395 746 2421 ut
772 2380 954 2428 agnoscent
978 2369 1240 2412 Eminentiflimi
1264 2367 1381 2404 Patres
1408 2360 1553 2409 legendo
1568 2352 1729 2403 utrosque
1754 2343 1875 2382 Libel·

408 2441 455 2477 los
473 2466 480 2472 .
510 2439 595 2474 Duo
611 2435 686 2471 sunt
713 2430 828 2467 Causae
841 2427 968 2473 Capita
983 2445 995 2459 .

361 2486 389 2528 l.
415 2492 473 2521 -An
496 2485 614 2526 constet
628 2484 668 2518 de
687 2481 846 2529 legitima
868 2474 1081 2511 ordinatione
1096 2494 1107 2508 ‚
1134 2470 1227 2502 itaut
1241 2476 1304 2503 non
1319 2458 1483 2500 inciderit
1499 2455 1534 2490 in
1552 2459 1668 2499 poenaes
1682 2443 1782 2482 Bulbi
1800 2445 1881 2486 Spe*

550 2533 721 2569 tutatores
737 2553 747 2567 ‚
776 2526 808 2561 &
833 2530 998 2571 quatenus
1019 2514 1245 2553 affirmative.

361 2580 409 2621 Π.
434 2586 492 2616 An
509 2578 630 2621 constet
646 2579 685 2612 de
708 2573 975 2624 irregularitate
993 2570 1028 2603 in
1053 2564 1129 2610 ,casu
1144 2566 1220 2600 &a

535 2670 625 2724 Ad
647 2669 887 2736 primum
919 2659 1166 2730 negative
1185 2654 1254 2706 ad
1287 2651 1521 2721 primam
1550 2649 1761 2707 partem
1783 2669 1796 2693 2
1833 2632 1883 2681 ἃ

432 2737 664 2795 incidisse
685 2774 698 2790 .
737 2735 829 2790 Ad
845 2729 1138 2785 secundum
1163 2718 1475 2777 affirmative
1500 2747 1515 2771 ‚
1552 2714 1603 2763 Sc
1620 2702 1852 2813 ampgus
1871 2736 1884 2759 ‚

1793 2782 1830 2810 le
