1977 3028
160 125 240 155 Haec
267 118 448 174 Episcopus
462 149 473 171 ἓ
497 127 688 177 *eodemque
705 138 861 177 tempore
874 133 1058 187 Promotor
1075 139 1214 184 fiscali}
1233 156 1350 191 preces
1364 149 1488 186 obtulit
1501 119 1618 189 Sacra53

161 166 283 202 tiffimo
299 167 473 220 Prmelpi,
500 175 625 219 qulbus
642 177 824 223 postulavit
837 191 1142 231 commutationem
1156 193 1366 230 voluntatis.
1395 197 1563 244 Cognitio
1574 203 1613 236 de

156 213 221 249 hac
239 213 464 265 postulatione
489 219 572 261 data
605 221 668 258 fuit
695 224 968 271 Eminentiffimis
984 233 1165 282 Patribus-3
1189 240 1381 287 rescriptum
1404 243 1469 280 fuit
1487 240 1503 280 =¹
1522 254 1613 284 Pro-

154 271 308 308 ponatur
321 274 430 301 cttato
447 274 670 315 Exequutore
685 278 956 319 contradicente,
985 286 1028 317 eff
1043 282 1184 321 interim
1199 291 1380 335 Lpiscopns
1406 297 1541 330 mandet
1555 310 1611 330 ce—

160 309 295 344 lebrari
308 313 423 357 Miſjas
437 327 455 347 a
477 315 656 365 ‘Testatore
681 324 858 357 ordinatas
873 348 884 359 .
907 328 958 361 At
984 339 1050 362 non
1071 329 1162 376 solus
1178 333 1368 381 Exequutor
1391 339 1609 378 testamenta-

156 358 230 392 rius
245 383 256 397 ,
278 357 330 401 sed
343 359 376 393 8(
391 361 557 404 nominati
583 365 621 398 ad
637 364 869 414 Canonjcatus
882 397 893 410 ,
921 373 1102 412 &Patroni
1117 404 1126 417 ,
1153 381 1185 413 3<
1204 381 1419 428 Magistratus
1433 390 1607 424 contradi-

155 406 261 439 ssores
297 404 366 448 sese
403 406 483 453 huic
508 409 729 453 postulationi
754 417 981 460 praestnerunt
1002 447 1012 459 ,
1037 420 1274 473 disputantq‘ue
1300 436 1604 476 commutationem

156 453 245 488 hanc
260 451 353 498 nulla
369 457 502 491 ratione
515 461 779 508 permittendam
795 464 857 499 effe
874 493 880 500 .
895 466 1028 509 Violari
1046 473 1260 520 voluntatrrn
1278 476 1465 515 ”l'estatoris
1481 508 1490 521 ,
1516 486 1605 528 quod

158 500 291 537 devium
313 498 359 534 est
373 502 413 535 ab
425 503 518 537 omni
538 504 616 545 ,lure
631 534 640 546 ‚
668 509 789 544 violari
803 511 859 552 Jus
870 514 1042 557 quaefitum
1056 521 1237 556 nominatis
1251 549 1260 561 ,
1273 524 1302 557 S<
1322 527 1482 563 Patronis
1495 556 1504 567 ,
1531 542 1602 574 pri-

151 559 229 586 van
251 545 410 593 suffragio
422 549 568 587 animam
584 553 775 591 Testatoris
790 561 807 598 ,'
823 560 854 593 δι
879 561 1228 609 consanguineorum.-
1266 569 1446 608 I'estatoris
1477 577 1601 611 volun-

151 606 259 632 tatem
273 596 423 639 aversam
441 596 534 649 ,fuisse
549 602 590 635 ab
614 603 678 637 hoc
691 603 750 638 usu
763 604 827 646 suae
854 607 1083 652 haereditatis:
1114 614 1256 661 Nullam
1275 630 1394 664 urgere
1418 623 1599 658 necestita-

149 653 220 679 tem
235 671 246 689 ,
265 645 587 695 nullamutihmem
601 650 756 696 erigendi
768 653 991 691 Seminarium
1005 659 1254 706 Cingulanurm
1280 664 1307 697 Ί
1318 668 1486 703 ridentini
1500 669 1601 716 siqui-

150 693 223 728 dem
232 689 454 741 ¹‹bl-ispofitione
469 704 570 730 unum
585 695 778 744 Collegium
801 714 869 736 non
885 704 980 748 plura
995 706 1029 740 in
1047 707 1194 744 Dioecefi
1207 711 1406 757 desiderari:
1438 716 1518 751 satis
1535 718 1598 763 effe

147 740 403 784 Auximanum,
434 742 524 776 cuia
548 741 858 784 CardimliGallio
874 762 964 787 anno
993 764 1089 798 1593.
1109 758 1192 792 faita
1208 757 1267 792 fui-z
1287 760 1365 795 unio
1383 761 1568 810 Cingulani
1588 793 1598 806 ‚

144 786 241 828 cujus
264 788 360 833 pueri
383 787 520 824 aluntur
544 789 580 836 in
600 792 798 831 Auximano
816 820 827 831 .
853 798 885 833 A
912 800 1114 839 Promotore
1136 804 1259 841 Fiscali
1285 808 1373 843 nihil
1397 812 1596 859 habuimus?

143 832 302 870 Dubium
313 834 379 881 est.

98 880 211 926 (Anfit
225 883 321 920 locus
334 887 593 922 commutationi
608 888 804 926 voluntatis
819 894 852 928 in
870 896 946 940 cafit
960 899 1032 944 &f-

187 975 366 1024 Negative
377 1003 386 1013 .

93 1118 178 1204 T
191 1119 452 1165 RIVICANA
468 1124 843 1177 CAPPELLANIAE:
865 1131 1093 1179 Cappellam,
1113 1149 1211 1184 quam
1227 1140 1340 1177 sanstce
1357 1145 1466 1179 Annae
1481 1144 1515 1180 in
1533 1145 1594 1182 ch-
1649 1144 1720 1190 Seff
1737 1158 1767 1187 7.
1778 1158 1893 1198 ξαρρψ

119 1209 147 1213 Α
202 1168 304 1203 clefia
318 1168 524 1206 cathedrali
543 1185 742 1222 extruxerat
768 1205 777 1217 ,
804 1180 943 1224 publico
967 1180 1194 1221 Instrumento
1219 1189 1352 1224 dotavit
1376 1202 1465 1226 anno
1493 1196 1591 1235 1691.
1622 1195 1662 1237 de
1673 1196 1744 1240 Ref-

132 1215 312 1250 Antonius
329 1216 510 1254 Masciolla
532 1221 683 1268 eiusdem
702 1225 922 1262 Cathedralis
942 1229 1093 1267 Ecclefiae
1123 1234 1413 1283 Archipresbyter
1426 1266 1435 1277 ,
1461 1240 1592 1281 adjesto

132 1273 239 1297 onere
253 1263 325 1303 ejus·
345 1264 479 1309 Rectori
495 1293 504 1306 ,
529 1277 565 1302 ut
581 1278 630 1304 tot
640 1271 731 1306 sacra
745 1284 881 1319 ageret,
902 1285 985 1320 quot
1008 1289 1049 1312 ex
1062 1279 1249 1317 redditibus
1266 1284 1319 1329 agi
1336 1285 1465 1329 possent
1514 1299 1593 1323 con-

132 1308 252 1345 stituto
267 1309 435 1356 stipendio
447 1314 625 1358 obulorum
635 1318 829 1363 quindecim
845 1321 990 1369 cullibet
1001 1325 1102 1361 Sacro
1121 1354 1126 1361 .
1156 1331 1377 1375 Patronatum
1392 1346 1476 1368 vero
1492 1334 1591 1380 Cap*

129 1356 293 1402 pellaniae
314 1357 502 1403 reservavit
516 1362 683 1409 Capitulo
707 1365 926 1413 cathedralis
943 1395 954 1409 ,
980 1372 1054 1406 data
1085 1375 1146 1410 hac
1168 1376 1242 1423 lege
1254 1402 1278 1417 ‚‚
1301 1378 1337 1412 di
1360 1392 1465 1425 poter
1481 1383 1590 1428 elige-

129 1428 155 1443 „
180 1415 215 1438 re
228 1428 240 1443 ,
266 1415 284 1438 e
299 1405 473 1441 nominare
486 1408 521 1443 in
538 1411 628 1446 detta
642 1412 869 1458 Cappellania
885 1429 1045 1462 perpetua
1070 1433 1137 1463 uno
1158 1424 1240 1466 delli
1270 1425 1463 1465 Sacerdoti,
1491 1429 1552 1463 che
1566 1427 1588 1463 fi

127 1475 154 1490 „
179 1461 384 1497 troveranno
398 1463 497 1499 extra
513 1457 673 1501 Capitolo
692 1464 723 1496 dl
736 1463 825 1497 detta
844 1463 939 1498 Cina
953 1474 1086 1508 ⁴tantum
1102 1496 1110 1507 ,
1133 1481 1151 1503 e
1165 1482 1230 1507 non
1247 1471 1412 1517 forastieri
1426 1501 1436 1514 ,
1461 1487 1512 1510 ma
1525 1477 1587 1510 che

127 1522 153 1538 ,‚
179 1498 224 1533 fia
247 1499 300 1534 del
312 1502 452 1546 grembo
465 1527 476 1541 ‚
499 1516 516 1537 e
533 1506 658 1541 nascita
675 1509 706 1542 di
730 1510 823 1545 detta
838 1510 935 1546 Cina
954 1540 959 1544 ,
990 1515 1115 1557 purche
1132 1516 1153 1550 fi
1181 1518 1299 1553 ritrovi
1313 1544 1322 1558 ,
1350 1531 1370 1561 ο
1385 1521 1441 1556 stia
1457 1524 1587 1558 anual-

127 1568 152 1585 „
176 1554 290 1580 mente
309 1549 344 1582 in
355 1548 448 1594 dena
469 1550 604 1587 Patria:
635 1554 658 1587 E
678 1566 742 1590 non
761 1556 928 1601 effendovi
950 1559 1129 1599 Sacerdoti
1152 1574 1244 1601 extra
1266 1566 1451 1611 Capimlo,
1480 1568 1585 1604 fiale-

125 1617 149 1633 „
174 1592 248 1627 cito
259 1593 291 1628 al
306 1594 487 1630 medefimo
497 1597 662 1645 Capitolo
679 1603 805 1648 eligere
818 1605 901 1639 dalli
915 1606 1065 1643 Diacom
1080 1636 1090 1649 ,
1112 1613 1318 1655 Subdiaconi
1330 1642 1340 1654 ‚
1359 1615 1451 1650 edin
1465 1617 1585 1652 difetto

126 1664 151 1679 „
174 1638 219 1675 da
231 1639 387 1686 Chierici
400 1643 488 1678 della
507 1647 683 1683 medefima
704 1649 802 1686 Citra
823 1652 848 1686 il
866 1651 1039 1695 Rettore,
1064 1668 1082 1691 e
1097 1658 1305 1705 Cappellano
1331 1660 1492 1706 suddetto
1517 1677 1583 1700 con

122 1710 149 1727 ‚,
173 1686 206 1721 la
221 1687 422 1732 condizione
436 1715 447 1729 ‚
470 1693 530 1727 che
546 1693 616 1730 smo
630 1695 700 1730 sara.
710 1695 807 1734 detto
824 1698 970 1737 Rettore
984 1702 1162 1747 Sacerdote
1178 1734 1188 1747 ,
1214 1708 1236 1742 li
1255 1707 1429 1745 canonici
1443 1713 1475 1746 di
1489 1713 1584 1746 detto

122 1760 147 1775 „
170 1733 336 1780 Capitolo
355 1738 508 1773 debbano
522 1739 679 1784 sodisfare
699 1743 868 1792 l’oblighi
882 1746 918 1783 in
942 1752 1034 1785 detta
1051 1751 1214 1798 cappella
1235 1755 1304 1791 alla
1328 1758 1471 1803 ragione
1496 1757 1582 1794 affe-

120 1806 147 1822 „
171 1792 299 1828 gnata,
324 1786 387 1819 His
401 1790 690 1836 tamenpmfierri
715 1793 834 1828 voluit
857 1799 1020 1833 Sacerdos
1035 1824 1046 1838 ,
1077 1811 1140 1835 ant
1167 1804 1342 1842 clericis,
1366 1809 1428 1849 qui
1445 1807 1581 1849 descen-

121 1854 146 1870 „
171 1832 268 1866 deret
284 1829 329 1866 ab
343 1837 497 1872 Antonio
513 1838 635 1873 Cerillo
651 1838 688 1874 di
704 1839 853 1876 Castello
866 1866 878 1881 ,
905 1847 1032 1890 quique
1053 1846 1189 1883 abitasse
1203 1877 1212 1889 ‚
1237 1861 1255 1884 e
1269 1849 1388 1885 facess'e
1402 1852 1580 1887 domicilio

120 1901 146 1917 ‚,
168 1876 262 1913 nella
282 1877 435 1922 suddetta
448 1880 547 1923 Cirta
562 1883 594 1918 di
610 1883 762 1921 Trevico
777 1891 841 1931 &e-
853 1913 864 1926 ‚
885 1900 904 1922 e
919 1901 986 1925 non
1000 1891 1232 1934 ritrovandofi
1249 1897 1400 1933 abitante
1414 1910 1476 1934 con
1492 1899 1578 1935 Casa

118 1950 144 1965 „
170 1924 204 1959 in
220 1925 316 1969 detta
327 1925 428 1962 Cina
443 1954 452 1967 ‚
479 1929 524 1964 fia
535 1931 663 1967 escluso
677 1957 687 1972 ,
708 1945 726 1968 e
740 1946 806 1968 non
819 1936 916 1970 abbia
937 1938 1039 1985 luogo
1054 1940 1086 1973 di
1103 1941 1240 1985 neffuna
1265 1944 1413 1991 maniera
1439 1947 1472 1981 la
1491 1959 1578 1982 con-

118 1996 143 2012 ,‚
167 1971 301 2007 dizione
319 1973 475 2010 suddetta
489 2003 499 2016 ,
526 1989 544 2010 e
557 1990 693 2014 nomina
712 1981 744 2015 di
761 1983 850 2026 sopra
864 2009 887 2023 „
903 2005 914 2017 .
940 1983 1201 2031 Cappellaniam
1224 1991 1309 2026 hanc
1331 1994 1486 2029 obtinuit
1501 1994 1575 2029 Ca-

116 2020 251 2062 ietanus
272 2020 388 2065 Paglia
399 2020 502 2059 Civis
524 2024 724 2063 Trivicanus
740 2052 749 2064 ‚
777 2030 835 2076 qui
857 2028 993 2070 Trivici
1012 2035 1225 2077 morabatur,
1251 2039 1327 2073 inde
1354 2040 1439 2075 idem
1465 2041 1574 2085 caje-

115 2074 216 2101 tanus
235 2065 492 2113 Canonicatum
504 2072 658 2108 obtinuit
680 2075 713 2109 in
730 2074 928 2122 collegiata
957 2079 1102 2115 Ecclefia
1115 2085 1263 2128 proximi
1292 2087 1420 2132 Oppidi
1435 2089 1574 2130 fluma-

117 2112 181 2152 rii,
203 2113 295 2159 quod
307 2125 454 2161 quatuor
466 2118 619 2155 millibus
634 2120 780 2166 passuum
792 2123 888 2160 distat
905 2125 948 2160 ab
962 2125 1054 2162 Urbe
1065 2152 1076 2162 .
1098 2131 1252 2176 ignatius
1266 2134 1383 2170 Cozza
1396 2146 1489 2171 ratus
1503 2137 1572 2172 Ca-

117 2160 312 2196 nonicatum
327 2162 416 2199 hunc
429 2165 726 2212 incompatibilem
741 2168 806 2205 ess'e
819 2183 896 2207 cum
910 2171 1140 2219 Cappellania
1152 2190 1228 2220 eam
1242 2180 1441 2228 impetravit
1455 2210 1466 2223 ,
1490 2195 1571 2220 mox

117 2206 274 2254 dubitans
288 2209 328 2244 de
342 2210 550 2249 {absistentia
567 2215 662 2257 hujus
677 2217 1012 2264 incompatibilnatis
1027 2223 1141 2260 literas
1157 2227 1368 2273 Apostolicas
1383 2231 1494 2265 noluit
1507 2243 1570 2266 ex-

114 2254 249 2299 pedire.
276 2256 378 2302 Hanc
389 2258 629 2298 difficultatem
644 2263 923 2312 despexitjoseph
946 2267 1056 2305 Maria
1084 2271 1230 2310 Petrella
1246 2302 1257 2315 ,
1281 2275 1339 2322 qui
1354 2278 1481 2323 pariter
1506 2279 1569 2313 hac

113 2301 247 2337 ratione
262 2303 593 2352 incompatibilitatis
613 2321 692 2347 cum
714 2311 927 2349 canonicatu
948 2316 1206 2362 Cappellaniam
1222 2323 1403 2371 impetrare
1422 2326 1540 2360 voluit
1557 2352 1566 2359 .

112 2346 200 2383 Adit
218 2360 304 2387 nunc
317 2352 504 2398 Cajetanus
518 2356 798 2395 Eminentislimos
823 2361 939 2406 Patres
952 2363 1122 2409 postulans
1142 2395 1151 2409 ‚
1177 2378 1214 2404 ut
1230 2371 1403 2406 declarent
1415 2371 1566 2419 Cappel-

111 2394 239 2431 laniam
259 2397 347 2435 hanc
372 2400 662 2448 incompatibilem
679 2417 747 2441 non
761 2406 825 2443 effe
840 2420 919 2444 cum
933 2410 1152 2453 Canonicatu
1167 2416 1204 2457 jn
1220 2418 1355 2463 Oppido
1375 2418 1539 2460 Flumarii
1553 2446 1564 2460 ,

109 2441 142 2476 &
162 2443 247 2478 ratio
260 2445 331 2486 eius
343 2449 507 2495 praecipua
521 2450 568 2485 est
583 2479 593 2493 ‚
623 2454 713 2499 quod
728 2466 803 2490 cum
816 2456 944 2498 adjeGa
958 2469 1024 2493 non
1044 2458 1144 2496 fuerit
1164 2466 1313 2500 conditio
1327 2466 1417 2500 sacra
1438 2466 1563 2513 agendi

102 2501 169 2535 per
179 2502 214 2533 Je
242 2494 346 2538 ipsum
361 2521 369 2533 ‚
400 2497 495 2541 poffit
515 2510 622 2535 onera
640 2501 717 2537 data
737 2502 953 2550 Cappellano
980 2505 1127 2553 implere
1150 2522 1211 2557 per
1226 2513 1333 2547 alium
1349 2539 1359 2552 ,
1385 2515 1563 2557 praesertim

110 2546 187 2586 cum
206 2549 310 2584 neque
331 2542 415 2586 illud
441 2542 543 2580 fuerit
560 2548 721 2591 adjectum
736 2575 746 2588 ,
776 2559 814 2586 ut
829 2549 1200 2600 Reaorcappellaniae
1218 2559 1253 2593 in
1287 2560 1447 2595 Civitate
1476 2560 1562 2596 Tri-

109 2583 180 2634 ylci
195 2596 357 2631 perpetuo
380 2601 512 2627 moram
525 2593 637 2631 facere
650 2596 784 2632 haberet
797 2625 808 2639 ,
836 2599 891 2634 sed
906 2599 984 2635 satis
997 2601 1063 2636 effe
1080 2629 1090 2643 ,
1123 2614 1158 2639 ut
1192 2616 1347 2654 tempore
1363 2607 1562 2644 collationIs

107 2639 144 2663 m
157 2631 276 2668 eaden
293 2634 449 2672 Civitate
469 2650 602 2676 moram
619 2643 745 2680 faceret
759 2673 768 2682 .
795 2645 905 2682 Addit
920 2647 1046 2684 &alias
1074 2651 1225 2689 rationes
1249 2681 1259 2694 ‚
1292 2666 1373 2700 quas
1399 2654 1558 2691 Eminen-

107 2676 219 2728 tiffimj
233 2679 344 2717 Patres
365 2684 474 2730 legere
500 2698 665 2733 poterunt
680 2692 714 2727 in
739 2693 812 2736 ejus
828 2693 968 2732 libelle.
992 2697 1189 2735 APetrella
1216 2701 1439 2748 impetratore
1469 2702 1558 2737 mhil

104 2723 300 2766 habuimus.
329 2730 445 2769 Unum
457 2733 503 2771 est
519 2735 641 2775 Causae
662 2739 777 2787 Caput
789 2767 798 2778 .

1453 2804 1512 2833 -An
