1978 3017
399 140 523 220 xziesriad
543 179 748 226 supplendos
769 178 922 213 redditus
944 187 1074 212 annuos
1098 202 1108 215 ‚
1126 176 1188 222 qui
1209 176 1375 212 Sodalitio
1390 176 1559 213 'deficiunt
1584 191 1645 224 pro
1673 178 1854 223 implendis

399 229 559 265 oneribus
575 227 751 262 Sacrorum
764 252 774 265 ‚
795 225 848 259 sed
861 236 963 260 onera
982 223 1047 259 illa
1063 223 1128 259 effe
1139 223 1346 259 reducenda:
1373 224 1504 260 nullam
1515 227 1632 261 dicunt
1653 227 1851 261 transactio-

398 289 500 314 nem,
518 274 596 320 quia
608 273 690 309 falso
716 272 926 319 suppositum
949 272 1054 308 fuerit
1077 270 1311 316 multiplicum
1336 283 1483 307 annuum
1500 272 1540 308 sc.
1558 284 1634 314 300.
1658 274 1851 309 faciendum

397 323 461 358 esse
476 322 516 357 iis
531 321 691 358 fruetibus
704 321 915 357 haereditatis
931 347 940 360 ‚
963 319 1021 366 qui
1035 318 1235 365 superessent
1246 320 1395 355 deductis
1411 321 1543 356 cacteris
1553 320 1718 356 oneribus
1733 348 1742 360 ,
1771 333 1850 356 cum

394 370 522 411 constet
535 382 576 405 ex
597 368 795 404 testamento
809 369 959 413 legatum
976 367 1102 403 directo
1118 366 1238 402 datum
1257 366 1353 402 fuisse
1366 367 1541 407 familiae,
1562 379 1671 413 neque
1686 368 1756 402 alio
1767 369 1850 403 loco

395 416 560 452 Testator
572 417 613 451 de
628 415 760 451 refiduis
786 415 944 450 fructibus
969 417 1180 449 mentionem
1209 414 1328 449 habuit
1349 441 1360 454 ,
1388 414 1449 450 nifi
1473 417 1633 459 postrema
1657 415 1849 450 testamenti

393 474 489 511 parte
508 491 518 503 ‚
547 475 613 510 qua
629 464 804 498 consulere
818 462 929 498 voluit
945 461 1106 498 Sacrario
1120 487 1130 500 ,
1155 462 1186 496 δι
1199 460 1352 497 Ecclefiae
1366 476 1376 495 ε
1401 461 1564 500 Laesivam
1575 463 1730 498 eamdem
1752 472 1850 496 tran-

394 512 575 548 factionem
590 509 654 545 esse
668 537 678 550 ‚
703 511 782 555 quia
796 535 806 548 ‚
831 509 1009 544 diminutis
1026 508 1187 543 fructibus
1204 508 1320 554 praedii
1345 511 1620 557 Volpacchiana‚
1645 509 1780 546 venerit
1804 507 1849 543 ad

394 570 473 594 eum
486 560 596 593 calum
608 584 619 597 .
645 569 664 591 a
675 569 743 604 quo
766 556 917 601 incipere
930 568 1000 593 non
1015 564 1146 601 poterat
1161 582 1171 595 ,
1184 567 1292 602 neque
1304 565 1434 592 mutare
1447 569 1458 595 ς
1470 557 1637 593 servatam
1650 568 1724 592 eam
1748 554 1846 591 fuisse

388 606 483 642 annis
505 613 563 641 60.
579 631 589 645 ‚
613 616 692 640 cum
716 616 789 650 quae
813 605 908 640 nulla
930 605 1028 644 sunt,
1051 613 1208 649 tempore
1220 616 1290 639 non
1319 604 1583 645 convalescant,
1612 604 1734 650 &quia
1760 602 1821 649 ipfi
1836 627 1848 641 2

389 652 504 700 quiex
527 652 661 698 propria
676 652 811 697 persona
825 653 866 685 ad
878 650 1061 697 multiplici
1079 651 1325 696 proprietatem
1340 651 1484 687 veniunt
1496 679 1506 692 ‚
1533 652 1623 688 affici
1642 664 1710 687 non
1725 651 1846 696 possint

388 700 612 735 transactione
639 699 723 739 illa,
748 699 918 744 pactisque
941 710 1017 734 cum
1034 698 1134 732 Patre
1149 723 1160 736 ,
1183 699 1217 733 ὅ(
1240 697 1388 733 Tutrice
1409 700 1615 738 conventis3
1639 697 1847 734 ReduCtioni

385 758 471 783 vero
486 747 596 781 locum
609 745 673 782 effe
688 772 698 786 ,
717 746 799 792 quia
815 745 971 792 iniquum
984 744 1023 779 s1t
1036 756 1092 779 eos
1117 746 1295 780 dumtaxat
1317 745 1407 781 ferre
1423 748 1547 782 debere
1570 747 1820 782 detrimentum
1833 770 1844 785 ‚

386 794 474 839 quod
488 793 612 839 obtigit
645 793 811 828 universae
837 793 1033 828 haereditati
1048 817 1058 831 ,
1083 791 1262 827 diminutis
1281 792 1469 828 redditibus
1498 794 1564 829 sine
1585 805 1704 829 eorum
1719 792 1843 837 culpa;

385 852 518 886 aequum
543 840 649 886 igitur
672 839 736 875 effe
750 867 760 881 ,
785 849 823 875 ut
844 839 1063 886 proportione
1083 839 1272 875 aritmetica
1290 841 1447 875 damnum
1461 841 1546 875 inter
1564 841 1764 876 Sodalitium
1777 862 1786 875 ‚
1810 840 1844 873 &

385 887 573 923 Familiam
587 886 830 923 Franchiniam
846 886 1000 922 Taviani
1019 887 1185 932 partiatur
1198 912 1208 926 ‚
1231 888 1278 922 ita
1290 888 1393 923 etiam
1407 887 1544 929 jubente
1556 886 1774 933 dispositione
1787 886 1845 926 Ju—

388 933 436 969 ris
452 960 463 973 ,
486 946 558 980 quae
571 935 648 971 vult
662 934 830 971 haeredem
843 961 852 974 ‚
885 934 917 969 &
935 934 1139 982 legatarium
1152 932 1221 979 pati
1244 935 1364 970 debere
1383 947 1442 979 per
1456 935 1691 970 contributum
1705 932 1845 969 haeredi-

391 980 557 1016 rariarum
571 993 685 1017 rerum
699 982 971 1017 deminutionem
984 1009 991 1016 .
1019 981 1101 1016 Haec
1116 982 1249 1017 Fratres
1268 982 1460 1018 Franchinii
1477 980 1628 1018 ‘faviani
1645 1007 1654 1016 .

343 1029 451 1067 Addit
470 1029 648 1075 Episcopus
664 1029 699 1063 in
724 1029 870 1074 Epistola
884 1029 942 1063 sua
961 1032 1156 1065 canonicum
1180 1036 1346 1067 Attonem
1364 1033 1522 1077 Equitem
1537 1029 1747 1072 franciscum
1760 1054 1770 1068 ,
1797 1032 1843 1065 (9-

386 1074 561 1112 Abbatem
577 1078 767 1112 Antonium
783 1081 923 1111 Fratres
937 1077 975 1112 de
1000 1077 1182 1119 Arsarolis
1196 1101 1207 1115 ,
1228 1081 1289 1123 qui
1301 1090 1346 1114 ex
1376 1077 1578 1116 Testamento
1602 1078 1704 1112 Petri
1733 1081 1843 1110 Fran-

386 1123 466 1165 cisct'
485 1127 635 1160 Taviani
655 1122 782 1159 habent
794 1125 1069 1170 ‘Juspatronatus
1099 1125 1242 1159 duarum
1257 1137 1303 1161 ex
1325 1125 1474 1171 quinque
1489 1124 1696 1169 officiaturis
1714 1122 1842 1166 venisse

384 1179 574 1210 commen,
596 1174 640 1207 όν
658 1169 836 1217 opposuiffe
853 1171 972 1219 petitae
982 1182 1048 1216 per
1064 1172 1237 1207 Tavianos
1260 1177 1424 1209 oratores
1447 1173 1638 1208 reduetioni
1668 1169 1842 1214 MZJJar-am

379 1230 446 1266 pro
460 1218 524 1253 illa
541 1226 646 1264 parte
656 1217 782 1261 saltem
797 1243 807 1256 ‚
833 1230 905 1264 quae
929 1217 1069 1265 respicit
1093 1229 1207 1255 eorum
1236 1218 1390 1263 zntereffir
1407 1219 1472 1263 sub
1488 1219 1731 1261 fundamento,
1753 1219 1843 1264 quod

389 1265 516 1300 dictum
530 1266 800 1312 “ju-[patronatus
819 1267 924 1313 super
937 1265 1067 1300 duabus
1084 1264 1291 1310 officiaturis
1313 1266 1553 1309 relit‘Zumfuit
1567 1279 1587 1299 a
1614 1265 1782 1307 Testatore
1796 1276 1843 1301 ex

384 1312 535 1359 speciali
550 1313 724 1358 affin‘lione
738 1324 853 1348 corum
866 1311 1068 1348 authoribus
1084 1337 1095 1351 ,
1123 1320 1256 1358 utpote
1273 1312 1417 1358 ejusdem
1434 1325 1479 1348 ex
1496 1313 1614 1356 sorore
1639 1311 1818 1360 nepotibus
1830 1335 1843 1350 ,

386 1365 431 1396 (φ
449 1362 556 1395 etiam
571 1361 614 1394 ad
626 1360 778 1405 effet‘lum
793 1359 875 1395 illos
901 1361 1110 1397 exonerandi
1122 1371 1141 1393 a
1162 1360 1331 1403 solutione
1341 1359 1515 1402 frufluum
1531 1362 1673 1394 duorum
1687 1359 1843 1401 censuum.

386 1405 429 1441 ab
443 1405 563 1447 eisdem
576 1407 758 1451 Arsarolt‘s
773 1409 988 1443 venditorum
1002 1408 1090 1442 dieto
1106 1413 1213 1442 Petro
1231 1409 1403 1452 Francisco
1415 1408 1450 1442 in
1466 1407 1611 1454 capitali
1628 1405 1844 1445 lib.22000..

387 1457 431 1489 Θ
445 1454 478 1488 in
505 1465 614 1488 annuo
631 1454 1270 1502 fruituscutorumseptuagintatrium
1284 1457 1425 1490 ctrciter
1436 1455 1571 1497 summa
1583 1454 1660 1497 fere
1675 1456 1845 1498 correre·

390 1501 488 1535 &iva
509 1501 652 1536 annuali
657 1502 826 1545 Jblutioni
829 1504 877 1547 fi‘·
893 1505 948 1536 80.
961 1513 1062 1548 quam
1079 1504 1233 1538 Societas
1247 1502 1299 1539 λε’
1314 1506 1497 1540 Trentatre
1513 1526 1524 1540 ,
1543 1503 1579 1537 in
1596 1511 1700 1546 quam
1716 1502 1770 1534 uti
1780 1499 1846 1534 hn-

385 1549 498 1583 redem
529 1547 733 1590 transterunt
758 1552 854 1594 {iura
880 1551 1046 1585 dictorum
1068 1550 1221 1592 censuum
1241 1551 1427 1595 quotannis
1449 1548 1555 1588 fiolvit
1578 1547 1761 1590 ⁴Arfarolis
1777 1554 1845 1592 pro

385 1593 606 1639 eleemosynis
627 1596 769 1632 duarum
784 1599 1059 1644 officiaturarum
1076 1608 1083 1629 :
1105 1596 1283 1632 concludit
1301 1596 1406 1642 igitur
1422 1592 1605 1641 Episcopus
1617 1606 1628 1627 ε
1654 1605 1757 1640 quam
1773 1600 1843 1639 pe-

388 1642 547 1677 titionem
561 1667 573 1680 ,
599 1654 805 1690 quamquam
821 1658 883 1681 non
906 1643 1084 1690 requisitus
1093 1645 1220 1687 fuerim
1237 1669 1247 1683 ,
1274 1652 1389 1679 notam
1406 1643 1545 1679 reddere
1562 1640 1757 1676 arbitratus
1765 1640 1844 1683 sum

388 1694 456 1722 EE.
472 1695 544 1724 VV.
556 1713 569 1728 2
592 1699 631 1725 ut
643 1690 744 1725 illam
768 1693 828 1728 vel
841 1692 1092 1739 amplectantur
1107 1717 1118 1731 ,
1144 1691 1205 1727 vel
1218 1690 1381 1736 reijciant
1397 1717 1408 1731 ,
1425 1689 1486 1724 vel
1509 1697 1679 1734 quatenus
1701 1689 1843 1724 credant

387 1735 497 1770 locum
510 1735 569 1780 effe
584 1760 594 1776 ,
617 1745 678 1770 aut
692 1748 737 1771 ex
749 1741 912 1784 aequitate
924 1763 935 1777 ,
958 1746 1020 1772 aut
1033 1750 1077 1773 ex
1096 1740 1222 1784 gratia
1238 1738 1427 1773 reductioni
1452 1734 1728 1778 offici-aurarum
1743 1759 1754 1773 ,
1780 1733 1841 1769 vel

392 1792 438 1817 ex
448 1786 598 1828 quinque
620 1785 663 1817 ad
676 1793 848 1830 quatuor,
876 1782 1293 1831 velproporttonabiliter
1317 1784 1361 1819 ad
1383 1784 1615 1830 quantitatem
1637 1783 1836 1817 reddituum

387 1827 547 1864 bonorum
562 1853 572 1868 ‚
596 1838 741 1876 qua-per
760 1830 964 1868 Societatem
980 1831 1244 1878 Trtgintatrium
1270 1837 1429 1866 Fratrum
1456 1829 1735 1869 administrantur
1752 1852 1763 1866 ,
1786 1840 1845 1863 re·-

381 1876 538 1922 scrt'bant
550 1902 561 1916 ‚
589 1875 738 1912 arbitrio
753 1878 895 1923 ejusdem
917 1880 1100 1914 societatis
1124 1880 1364 1915 remittendam
1381 1877 1439 1923 effe
1458 1878 1653 1913 clemonem
1668 1876 1844 1924 cappella-

387 1935 506 1961 norum
518 1925 555 1958 in
578 1923 654 1966 casu
668 1925 875 1961 reductionis
889 1951 899 1965 ,
919 1925 1036 1968 salvis
1054 1925 1206 1971 “Juribus
1221 1930 1378 1960 Fratrum
1399 1927 1437 1960 de
1454 1922 1636 1966 Arsarolis
1648 1950 1660 1964 ,
1685 1924 1745 1959 vel
1756 1934 1845 1969 quo-

387 1973 481 2007 modo
495 1979 559 2018 pro
578 1983 692 2006 eorum
709 1972 841 2016 summa
860 1973 1049 2018 prudentia
1070 1974 1187 2017 satius
1213 1971 1273 2017 effe
1284 1973 1527 2019 judicaverint
1541 1998 1550 2007 .

346 2019 430 2055 Haec
457 2019 492 2051 in
504 2016 615 2052 Causa
636 2016 733 2056 sunt.
761 2018 845 2055 Duo
860 2017 1068 2056 suntCausae
1099 2017 1230 2066 Capita
1247 2045 1255 2054 .

341 2066 371 2104 l.
397 2072 455 2102 An
467 2065 633 2108 transatio
654 2068 741 2102 inita
764 2079 850 2104 anno
879 2067 1068 2108 1689.cum
1094 2065 1291 2104 venerabili
1318 2067 1605 2109 confraternitate
1628 2067 1713 2103 delli
1741 2067 1842 2099 Tren-

526 2121 621 2150 tatre
637 2115 801 2150 Civitatis
818 2114 1023 2158 Pistorienfis
1036 2128 1055 2148 a
1079 2116 1226 2150 Familia
1255 2115 1436 2150 Franchini
1460 2112 1842 2158 Tavianisubstineatur

528 2161 562 2196 in
577 2160 729 2197 omnibus
736 2162 812 2205 suis
818 2162 983 2209 partibus
996 2161 1012 2196 ,ἰ
1036 2162 1076 2196 Et
1099 2170 1267 2208 quatenus
1286 2162 1446 2208 negative
1459 2186 1469 2197 .

341 2210 367 2245 I.
394 2215 454 2245 An
466 2207 698 2252 descendentes
721 2210 761 2245 de
779 2211 871 2245 dieta
885 2211 1034 2246 Familia
1053 2210 1242 2246 Franchini
1270 2211 1416 2245 Tamiani
1434 2216 1615 2245 teneantur
1639 2219 1683 2244 ex
1699 2207 1843 2244 redditi-

525 2253 588 2288 bus
604 2253 671 2294 fibi
695 2257 729 2289 in
753 2257 981 2298 transat‘tione
1006 2255 1170 2292 obventis
1184 2256 1347 2301 supplere
1368 2267 1469 2291 onera
1490 2254 1663 2301 Miffizrum
1687 2251 1838 2301 imposita

526 2302 621 2336 dieta
637 2313 717 2349 ven.
740 2302 1020 2345 Coufvaternitati
1029 2301 1119 2344 ,five
1124 2304 1246 2350 potius
1257 2301 1304 2344 sit
1323 2304 1418 2338 locus
1429 2305 1618 2340 eorumdem
1632 2313 1766 2338 onerum
1782 2311 1839 2335 re·

526 2349 687 2390 ductionc*
701 2350 736 2384 in
760 2351 837 2395 Casu
850 2354 926 2388 &a

431 2443 557 2480 Dilata
568 2467 580 2482 ,
605 2442 636 2479 &
651 2441 822 2480 scribatur
837 2443 1007 2492 Episcopo
1019 2446 1117 2489 juxta
1133 2443 1392 2482 Instructionem
1408 2471 1417 2481 .

675 2558 794 2622 Die
812 2555 1052 2624 sabbati
1079 2562 1135 2623 8.
1161 2557 1309 2625 Maii
1337 2580 1359 2622 1
1373 2576 1447 2640 75
1466 2579 1487 2622 ι
1503 2606 1519 2622 .

350 2727 441 2811 D
459 2726 523 2764 Uae
537 2755 548 2769 ‚
572 2739 645 2774 quae
657 2728 865 2774 sequuntur,
881 2734 1001 2771 Causa:
1016 2734 1051 2770 in
1065 2733 1189 2769 ultima
1207 2731 1412 2779 Amplissimi
1423 2729 1564 2768 Ordinis
1578 2728 1841 2775 congregatione

456 2775 572 2812 habita
581 2779 633 2814 die
648 2778 862 2822 24.transa6ti
876 2782 991 2826 menfis
1007 2782 1151 2829 „Aprilis
1164 2780 1366 2818 dilationem
1382 2787 1423 2815 aa
1442 2780 1527 2816 hanc
1545 2777 1840 2858 congregationem

1643 2835 1665 2860 0
1691 2831 1804 2858 tinue-
