<?xml version="1.0" encoding="UTF-8"?>
<!DOCTYPE html PUBLIC "-//W3C//DTD XHTML 1.0 Transitional//EN"
    "http://www.w3.org/TR/xhtml1/DTD/xhtml1-transitional.dtd">
<html xmlns="http://www.w3.org/1999/xhtml" xml:lang="en" lang="en">
 <head>
  <title>
</title>
<meta http-equiv="Content-Type" content="text/html;charset=utf-8" />
  <meta name='ocr-system' content='tesseract 3.04.00' />
  <meta name='ocr-capabilities' content='ocr_page ocr_carea ocr_par ocr_line ocrx_word'/>
</head>
<body>
  <div class='ocr_page' id='page_1' title='image "./thesaurusresolut18cath_0385.png"; bbox 0 0 1977 3028; ppageno 0'>
   <div class='ocr_carea' id='block_1_1' title="bbox 561 156 1733 204">
    <p class='ocr_par' dir='ltr' id='par_1_1' title="bbox 561 156 1733 204">
     <span class='ocr_line' id='line_1_1' title="bbox 561 156 1733 204; baseline 0.003 -13"><span class='ocrx_word' id='word_1_1' title='bbox 561 156 1213 198; x_wconf 78' lang='lat' dir='ltr'><strong>ETRESOLUTIONUM.</strong></span> <span class='ocrx_word' id='word_1_2' title='bbox 1692 165 1733 204; x_wconf 64' lang='lat'>8⁴3²</span> 
     </span>
    </p>
   </div>
   <div class='ocr_carea' id='block_1_2' title="bbox 125 196 877 292">
    <p class='ocr_par' dir='ltr' id='par_1_2' title="bbox 125 196 877 292">
     <span class='ocr_line' id='line_1_2' title="bbox 126 196 877 248; baseline 0.012 -13"><span class='ocrx_word' id='word_1_3' title='bbox 126 201 178 236; x_wconf 82' lang='lat' dir='ltr'>seu</span> <span class='ocrx_word' id='word_1_4' title='bbox 195 196 392 234; x_wconf 76' lang='lat' dir='ltr'>Fabrianen.</span> <span class='ocrx_word' id='word_1_5' title='bbox 418 201 545 236; x_wconf 85' lang='lat' dir='ltr'>habent</span> <span class='ocrx_word' id='word_1_6' title='bbox 559 216 683 240; x_wconf 84' lang='lat' dir='ltr'>vocem</span> <span class='ocrx_word' id='word_1_7' title='bbox 709 208 852 243; x_wconf 73' lang='lat' dir='ltr'>activam</span> <span class='ocrx_word' id='word_1_8' title='bbox 867 235 877 248; x_wconf 92' lang='lat'><strong>,</strong></span> 
     </span>
     <span class='ocr_line' id='line_1_3' title="bbox 125 244 876 292; baseline 0.016 -12"><span class='ocrx_word' id='word_1_9' title='bbox 125 247 157 280; x_wconf 81' lang='grc' dir='ltr'>δι</span> <span class='ocrx_word' id='word_1_10' title='bbox 169 244 327 290; x_wconf 76' lang='lat' dir='ltr'>passivam</span> <span class='ocrx_word' id='word_1_11' title='bbox 341 259 407 282; x_wconf 89' lang='lat' dir='ltr'>non</span> <span class='ocrx_word' id='word_1_12' title='bbox 423 248 527 283; x_wconf 86' lang='lat' dir='ltr'>solum</span> <span class='ocrx_word' id='word_1_13' title='bbox 544 253 578 286; x_wconf 91' lang='lat' dir='ltr'>in</span> <span class='ocrx_word' id='word_1_14' title='bbox 591 256 876 292; x_wconf 78' lang='lat' dir='ltr'>concernentibus</span> 
     </span>
    </p>
   </div>
   <div class='ocr_carea' id='block_1_3' title="bbox 126 292 875 345">
    <p class='ocr_par' dir='ltr' id='par_1_3' title="bbox 126 292 875 345">
     <span class='ocr_line' id='line_1_4' title="bbox 126 292 875 345; baseline 0.016 -18"><span class='ocrx_word' id='word_1_15' title='bbox 126 292 307 336; x_wconf 81' lang='lat' dir='ltr'>Ecclesiam</span> <span class='ocrx_word' id='word_1_16' title='bbox 321 319 330 333; x_wconf 87' lang='lat'>,</span> <span class='ocrx_word' id='word_1_17' title='bbox 346 293 523 330; x_wconf 76' lang='lat' dir='ltr'>sacrarium</span> <span class='ocrx_word' id='word_1_18' title='bbox 539 324 548 338; x_wconf 87' lang='lat'>,</span> <span class='ocrx_word' id='word_1_19' title='bbox 574 298 803 345; x_wconf 86' lang='lat' dir='ltr'>Cappellanos</span> <span class='ocrx_word' id='word_1_20' title='bbox 821 331 829 342; x_wconf 94' lang='lat'>,</span> <span class='ocrx_word' id='word_1_21' title='bbox 843 306 875 339; x_wconf 75' lang='grc' dir='ltr'>δι</span> 
     </span>
    </p>
   </div>
   <div class='ocr_carea' id='block_1_4' title="bbox 119 340 878 541">
    <p class='ocr_par' dir='ltr' id='par_1_4' title="bbox 119 340 878 541">
     <span class='ocr_line' id='line_1_5' title="bbox 126 340 876 386; baseline 0.016 -12"><span class='ocrx_word' id='word_1_22' title='bbox 126 340 373 381; x_wconf 81' lang='lat' dir='ltr'>inservientes,</span> <span class='ocrx_word' id='word_1_23' title='bbox 397 346 634 381; x_wconf 85' lang='lat' dir='ltr'>verumetiam</span> <span class='ocrx_word' id='word_1_24' title='bbox 659 348 695 386; x_wconf 79' lang='lat' dir='ltr'>jn</span> <span class='ocrx_word' id='word_1_25' title='bbox 720 351 876 386; x_wconf 82' lang='lat' dir='ltr'>nomina-</span> 
     </span>
     <span class='ocr_line' id='line_1_6' title="bbox 125 389 878 435; baseline 0.003 -5"><span class='ocrx_word' id='word_1_26' title='bbox 125 396 222 430; x_wconf 79' lang='lat' dir='ltr'>tione</span> <span class='ocrx_word' id='word_1_27' title='bbox 234 389 482 424; x_wconf 78' lang='lat' dir='ltr'>canonicorum</span> <span class='ocrx_word' id='word_1_28' title='bbox 495 418 504 430; x_wconf 89' lang='lat'>‚</span> <span class='ocrx_word' id='word_1_29' title='bbox 520 392 663 434; x_wconf 78' lang='lat' dir='ltr'>Parochi</span> <span class='ocrx_word' id='word_1_30' title='bbox 680 422 690 435; x_wconf 91' lang='lat'>‚</span> <span class='ocrx_word' id='word_1_31' title='bbox 717 395 878 433; x_wconf 83' lang='lat' dir='ltr'>aliorum-</span> 
     </span>
     <span class='ocr_line' id='line_1_7' title="bbox 124 439 878 493; baseline 0.011 -20"><span class='ocrx_word' id='word_1_32' title='bbox 124 457 188 492; x_wconf 73' lang='lat' dir='ltr'>que</span> <span class='ocrx_word' id='word_1_33' title='bbox 215 439 446 493; x_wconf 62' lang='lat' dir='ltr'>Ministrorun}</span> <span class='ocrx_word' id='word_1_34' title='bbox 473 439 623 480; x_wconf 80' lang='lat' dir='ltr'>Ecclesiae</span> <span class='ocrx_word' id='word_1_35' title='bbox 651 447 878 485; x_wconf 66' lang='lat' dir='ltr'>camerinen„</span> 
     </span>
     <span class='ocr_line' id='line_1_8' title="bbox 119 490 875 541; baseline 0.001 -15"><span class='ocrx_word' id='word_1_36' title='bbox 119 496 181 540; x_wconf 80' lang='lat' dir='ltr'>seu</span> <span class='ocrx_word' id='word_1_37' title='bbox 205 491 405 528; x_wconf 68' lang='lat' dir='ltr'>fabrianen.</span> <span class='ocrx_word' id='word_1_38' title='bbox 422 490 515 534; x_wconf 69' lang='lat' dir='ltr'>juris</span> <span class='ocrx_word' id='word_1_39' title='bbox 540 491 752 536; x_wconf 53' lang='lat' dir='ltr'>interesse-ndi</span> <span class='ocrx_word' id='word_1_40' title='bbox 781 494 875 541; x_wconf 81' lang='lat' dir='ltr'>capi-</span> 
     </span>
    </p>
   </div>
   <div class='ocr_carea' id='block_1_5' title="bbox 77 537 872 634">
    <p class='ocr_par' dir='ltr' id='par_1_5' title="bbox 77 537 872 634">
     <span class='ocr_line' id='line_1_9' title="bbox 124 537 655 589; baseline -0.021 -10"><span class='ocrx_word' id='word_1_41' title='bbox 124 543 301 588; x_wconf 60' lang='lat' dir='ltr'>tulop028·</span> <span class='ocrx_word' id='word_1_42' title='bbox 310 537 499 588; x_wconf 55' lang='lat' dir='ltr'>inpriizcsp.</span> <span class='ocrx_word' id='word_1_43' title='bbox 558 583 565 589; x_wconf 42' lang='lat'><strong>·</strong></span> <span class='ocrx_word' id='word_1_44' title='bbox 648 585 655 589; x_wconf 35' lang='grc' dir='ltr'>Ι</span> 
     </span>
     <span class='ocr_line' id='line_1_10' title="bbox 77 584 872 634; baseline -0.006 -7"><span class='ocrx_word' id='word_1_45' title='bbox 77 588 213 634; x_wconf 82' lang='lat' dir='ltr'>Amplia</span> <span class='ocrx_word' id='word_1_46' title='bbox 230 613 241 626; x_wconf 84' lang='lat'>,</span> <span class='ocrx_word' id='word_1_47' title='bbox 264 594 302 621; x_wconf 91' lang='lat' dir='ltr'>ut</span> <span class='ocrx_word' id='word_1_48' title='bbox 326 585 495 620; x_wconf 87' lang='lat' dir='ltr'>Canonici</span> <span class='ocrx_word' id='word_1_49' title='bbox 511 584 655 618; x_wconf 69' lang='lat' dir='ltr'>adiuncti</span> <span class='ocrx_word' id='word_1_50' title='bbox 670 587 794 622; x_wconf 80' lang='lat' dir='ltr'>habere</span> <span class='ocrx_word' id='word_1_51' title='bbox 812 587 872 622; x_wconf 87' lang='lat' dir='ltr'>de-</span> 
     </span>
    </p>
   </div>
   <div class='ocr_carea' id='block_1_6' title="bbox 119 629 873 726">
    <p class='ocr_par' dir='ltr' id='par_1_6' title="bbox 119 629 873 726">
     <span class='ocr_line' id='line_1_11' title="bbox 121 629 873 682; baseline -0.001 -11"><span class='ocrx_word' id='word_1_52' title='bbox 121 639 220 672; x_wconf 88' lang='lat' dir='ltr'>beant</span> <span class='ocrx_word' id='word_1_53' title='bbox 232 645 354 669; x_wconf 89' lang='lat' dir='ltr'>vocem</span> <span class='ocrx_word' id='word_1_54' title='bbox 364 629 506 682; x_wconf 70' lang='lat' dir='ltr'>aCtivam</span> <span class='ocrx_word' id='word_1_55' title='bbox 516 631 550 666; x_wconf 89' lang='lat' dir='ltr'>in</span> <span class='ocrx_word' id='word_1_56' title='bbox 560 632 795 669; x_wconf 83' lang='lat' dir='ltr'>nominatione</span> <span class='ocrx_word' id='word_1_57' title='bbox 807 635 873 670; x_wconf 86' lang='lat' dir='ltr'>Ca-</span> 
     </span>
     <span class='ocr_line' id='line_1_12' title="bbox 119 680 872 726; baseline -0.005 -7"><span class='ocrx_word' id='word_1_58' title='bbox 119 683 296 719; x_wconf 88' lang='lat' dir='ltr'>nonicatus</span> <span class='ocrx_word' id='word_1_59' title='bbox 315 680 465 714; x_wconf 76' lang='lat' dir='ltr'>Partem</span> <span class='ocrx_word' id='word_1_60' title='bbox 493 682 696 718; x_wconf 77' lang='lat' dir='ltr'>camerinen.</span> <span class='ocrx_word' id='word_1_61' title='bbox 717 683 776 726; x_wconf 74' lang='lat' dir='ltr'>seu</span> <span class='ocrx_word' id='word_1_62' title='bbox 805 688 872 716; x_wconf 84' lang='lat' dir='ltr'>Fa-</span> 
     </span>
    </p>
   </div>
   <div class='ocr_carea' id='block_1_7' title="bbox 119 725 871 777">
    <p class='ocr_par' dir='ltr' id='par_1_7' title="bbox 119 725 871 777">
     <span class='ocr_line' id='line_1_13' title="bbox 119 725 871 777; baseline -0.003 -9"><span class='ocrx_word' id='word_1_63' title='bbox 119 732 273 768; x_wconf 70' lang='lat' dir='ltr'>bri-men.</span> <span class='ocrx_word' id='word_1_64' title='bbox 291 727 388 772; x_wconf 83' lang='lat' dir='ltr'>juris</span> <span class='ocrx_word' id='word_1_65' title='bbox 410 725 624 772; x_wconf 78' lang='lat' dir='ltr'>intereffimdi</span> <span class='ocrx_word' id='word_1_66' title='bbox 648 729 689 767; x_wconf 72' lang='lat' dir='ltr'>&#39;in</span> <span class='ocrx_word' id='word_1_67' title='bbox 717 731 871 777; x_wconf 60' lang='lat' dir='ltr'>&amp;pitulo</span> 
     </span>
    </p>
   </div>
   <div class='ocr_carea' id='block_1_8' title="bbox 115 777 682 859">
    <p class='ocr_par' dir='ltr' id='par_1_8' title="bbox 115 777 682 859">
     <span class='ocr_line' id='line_1_14' title="bbox 115 777 265 828; baseline 0 -14"><span class='ocrx_word' id='word_1_68' title='bbox 115 777 265 828; x_wconf 74' lang='lat' dir='ltr'>pag-28,-</span> 
     </span>
     <span class='ocr_line' id='line_1_15' title="bbox 258 820 682 859; baseline 0 0"><span class='ocrx_word' id='word_1_69' title='bbox 258 820 682 859; x_wconf 86' lang='lat' dir='ltr'><strong>ADNOTATIO.</strong></span> 
     </span>
    </p>
   </div>
   <div class='ocr_carea' id='block_1_9' title="bbox 51 867 866 2852">
    <p class='ocr_par' dir='ltr' id='par_1_9' title="bbox 69 867 866 1437">
     <span class='ocr_line' id='line_1_16' title="bbox 69 867 866 915; baseline 0 -7"><span class='ocrx_word' id='word_1_70' title='bbox 69 871 304 915; x_wconf 82' lang='lat' dir='ltr'>Canonieatus</span> <span class='ocrx_word' id='word_1_71' title='bbox 317 896 328 910; x_wconf 90' lang='lat'>,</span> <span class='ocrx_word' id='word_1_72' title='bbox 347 870 402 904; x_wconf 89' lang='lat' dir='ltr'>seu</span> <span class='ocrx_word' id='word_1_73' title='bbox 421 867 581 905; x_wconf 85' lang='lat' dir='ltr'>beneficia</span> <span class='ocrx_word' id='word_1_74' title='bbox 595 869 635 906; x_wconf 88' lang='lat' dir='ltr'>de</span> <span class='ocrx_word' id='word_1_75' title='bbox 656 883 744 906; x_wconf 90' lang='lat' dir='ltr'>novo</span> <span class='ocrx_word' id='word_1_76' title='bbox 757 873 866 908; x_wconf 77' lang='lat' dir='ltr'>erecta</span> 
     </span>
     <span class='ocr_line' id='line_1_17' title="bbox 116 917 866 963; baseline -0.003 -7"><span class='ocrx_word' id='word_1_77' title='bbox 116 922 153 957; x_wconf 85' lang='lat' dir='ltr'>in</span> <span class='ocrx_word' id='word_1_78' title='bbox 175 918 320 960; x_wconf 83' lang='lat' dir='ltr'>Ecclesia</span> <span class='ocrx_word' id='word_1_79' title='bbox 343 918 524 963; x_wconf 88' lang='lat' dir='ltr'>censentur</span> <span class='ocrx_word' id='word_1_80' title='bbox 551 917 697 957; x_wconf 83' lang='lat' dir='ltr'>eiusdem</span> <span class='ocrx_word' id='word_1_81' title='bbox 739 918 866 963; x_wconf 84' lang='lat' dir='ltr'>speciei</span> 
     </span>
     <span class='ocr_line' id='line_1_18' title="bbox 117 963 866 1012; baseline -0.001 -11"><span class='ocrx_word' id='word_1_82' title='bbox 117 979 196 1003; x_wconf 85' lang='lat' dir='ltr'>cuin</span> <span class='ocrx_word' id='word_1_83' title='bbox 211 964 383 1012; x_wconf 71' lang='lat' dir='ltr'>antiquis5</span> <span class='ocrx_word' id='word_1_84' title='bbox 405 965 438 1000; x_wconf 77' lang='grc' dir='ltr'>δι</span> <span class='ocrx_word' id='word_1_85' title='bbox 450 963 541 1010; x_wconf 72' lang='lat' dir='ltr'>quasi</span> <span class='ocrx_word' id='word_1_86' title='bbox 555 965 702 1009; x_wconf 83' lang='lat' dir='ltr'>poffeflio</span> <span class='ocrx_word' id='word_1_87' title='bbox 715 966 866 1011; x_wconf 68' lang='lat' dir='ltr'>respectu</span> 
     </span>
     <span class='ocr_line' id='line_1_19' title="bbox 113 1012 863 1059; baseline -0.001 -9"><span class='ocrx_word' id='word_1_88' title='bbox 113 1012 364 1050; x_wconf 84' lang='lat' dir='ltr'>beneficiorum</span> <span class='ocrx_word' id='word_1_89' title='bbox 393 1012 613 1057; x_wconf 78' lang='lat' dir='ltr'>antiquorum</span> <span class='ocrx_word' id='word_1_90' title='bbox 645 1013 796 1049; x_wconf 81' lang='lat' dir='ltr'>trahitur</span> <span class='ocrx_word' id='word_1_91' title='bbox 819 1013 863 1059; x_wconf 85' lang='lat' dir='ltr'>ad</span> 
     </span>
     <span class='ocr_line' id='line_1_20' title="bbox 114 1059 865 1107; baseline -0.001 -10"><span class='ocrx_word' id='word_1_92' title='bbox 114 1059 281 1106; x_wconf 86' lang='lat' dir='ltr'>beneficia</span> <span class='ocrx_word' id='word_1_93' title='bbox 289 1059 397 1096; x_wconf 78' lang='lat' dir='ltr'>erecta</span> <span class='ocrx_word' id='word_1_94' title='bbox 406 1059 579 1107; x_wconf 72' lang='lat' dir='ltr'>Hispalen-</span> <span class='ocrx_word' id='word_1_95' title='bbox 593 1060 680 1101; x_wconf 72' lang='lat' dir='ltr'>juris</span> <span class='ocrx_word' id='word_1_96' title='bbox 693 1064 865 1096; x_wconf 64' lang='lat' dir='ltr'>nominan-</span> 
     </span>
     <span class='ocr_line' id='line_1_21' title="bbox 112 1107 863 1154; baseline -0.003 -9"><span class='ocrx_word' id='word_1_97' title='bbox 112 1111 151 1145; x_wconf 89' lang='lat' dir='ltr'>di</span> <span class='ocrx_word' id='word_1_98' title='bbox 179 1115 269 1150; x_wconf 80' lang='lat'><strong>1576.</strong></span> <span class='ocrx_word' id='word_1_99' title='bbox 290 1113 362 1144; x_wconf 80' lang='lat' dir='ltr'>Cor.</span> <span class='ocrx_word' id='word_1_100' title='bbox 387 1113 542 1142; x_wconf 83' lang='lat' dir='ltr'>Cantucc.</span> <span class='ocrx_word' id='word_1_101' title='bbox 568 1108 674 1154; x_wconf 81' lang='lat' dir='ltr'><strong>Igitur</strong></span> <span class='ocrx_word' id='word_1_102' title='bbox 698 1107 863 1144; x_wconf 76' lang='lat' dir='ltr'>canonici</span> 
     </span>
     <span class='ocr_line' id='line_1_22' title="bbox 111 1152 864 1198; baseline 0 -7"><span class='ocrx_word' id='word_1_103' title='bbox 111 1156 259 1198; x_wconf 68' lang='lat' dir='ltr'>adjundi</span> <span class='ocrx_word' id='word_1_104' title='bbox 272 1154 306 1190; x_wconf 88' lang='lat' dir='ltr'>in</span> <span class='ocrx_word' id='word_1_105' title='bbox 320 1152 468 1189; x_wconf 80' lang='lat' dir='ltr'>Ecclesia</span> <span class='ocrx_word' id='word_1_106' title='bbox 479 1152 681 1190; x_wconf 84' lang='lat' dir='ltr'>Cathedrali</span> <span class='ocrx_word' id='word_1_107' title='bbox 707 1155 864 1191; x_wconf 77' lang='lat' dir='ltr'>Fabriani</span> 
     </span>
     <span class='ocr_line' id='line_1_23' title="bbox 110 1199 865 1248; baseline 0 -10"><span class='ocrx_word' id='word_1_108' title='bbox 110 1199 327 1238; x_wconf 79' lang='lat' dir='ltr'>habentcuin</span> <span class='ocrx_word' id='word_1_109' title='bbox 341 1200 489 1248; x_wconf 79' lang='lat' dir='ltr'>antiquis</span> <span class='ocrx_word' id='word_1_110' title='bbox 515 1200 566 1242; x_wconf 79' lang='lat' dir='ltr'>ius</span> <span class='ocrx_word' id='word_1_111' title='bbox 591 1203 807 1241; x_wconf 86' lang='lat' dir='ltr'>nominandi,</span> <span class='ocrx_word' id='word_1_112' title='bbox 833 1204 865 1238; x_wconf 85' lang='lat'>&amp;</span> 
     </span>
     <span class='ocr_line' id='line_1_24' title="bbox 111 1247 864 1297; baseline -0.001 -11"><span class='ocrx_word' id='word_1_113' title='bbox 111 1249 262 1297; x_wconf 83' lang='lat' dir='ltr'>eligendi</span> <span class='ocrx_word' id='word_1_114' title='bbox 273 1248 469 1294; x_wconf 76' lang='lat' dir='ltr'>Canonicos</span> <span class='ocrx_word' id='word_1_115' title='bbox 479 1273 489 1287; x_wconf 86' lang='lat'>,</span> <span class='ocrx_word' id='word_1_116' title='bbox 503 1247 726 1284; x_wconf 63' lang='lat' dir='ltr'>Beneficiatos</span> <span class='ocrx_word' id='word_1_117' title='bbox 743 1276 752 1289; x_wconf 80' lang='lat'>,</span> <span class='ocrx_word' id='word_1_118' title='bbox 766 1249 864 1285; x_wconf 82' lang='lat' dir='ltr'>alios-</span> 
     </span>
     <span class='ocr_line' id='line_1_25' title="bbox 110 1296 865 1344; baseline 0 -12"><span class='ocrx_word' id='word_1_119' title='bbox 110 1309 176 1344; x_wconf 87' lang='lat' dir='ltr'>que</span> <span class='ocrx_word' id='word_1_120' title='bbox 195 1296 344 1337; x_wconf 80' lang='lat' dir='ltr'>Ecclesiae</span> <span class='ocrx_word' id='word_1_121' title='bbox 361 1296 528 1331; x_wconf 75' lang='lat' dir='ltr'>ministros</span> <span class='ocrx_word' id='word_1_122' title='bbox 546 1323 555 1336; x_wconf 88' lang='lat'>‚</span> <span class='ocrx_word' id='word_1_123' title='bbox 579 1297 671 1338; x_wconf 77' lang='lat' dir='ltr'>iuxta</span> <span class='ocrx_word' id='word_1_124' title='bbox 685 1296 865 1332; x_wconf 86' lang='lat' dir='ltr'>resolutio—</span> 
     </span>
     <span class='ocr_line' id='line_1_26' title="bbox 109 1342 863 1391; baseline 0.003 -12"><span class='ocrx_word' id='word_1_125' title='bbox 109 1356 189 1380; x_wconf 84' lang='lat' dir='ltr'>nem</span> <span class='ocrx_word' id='word_1_126' title='bbox 201 1344 300 1390; x_wconf 82' lang='lat' dir='ltr'>liujus</span> <span class='ocrx_word' id='word_1_127' title='bbox 315 1344 399 1379; x_wconf 81' lang='lat' dir='ltr'>sacri</span> <span class='ocrx_word' id='word_1_128' title='bbox 414 1342 616 1390; x_wconf 78' lang='lat' dir='ltr'>Tribunalis</span> <span class='ocrx_word' id='word_1_129' title='bbox 629 1371 640 1385; x_wconf 94' lang='lat'>,</span> <span class='ocrx_word' id='word_1_130' title='bbox 653 1356 723 1391; x_wconf 82' lang='lat' dir='ltr'>quae</span> <span class='ocrx_word' id='word_1_131' title='bbox 737 1344 863 1381; x_wconf 75' lang='lat' dir='ltr'>rationi</span> 
     </span>
     <span class='ocr_line' id='line_1_27' title="bbox 110 1390 578 1437; baseline 0 -10"><span class='ocrx_word' id='word_1_132' title='bbox 110 1392 272 1437; x_wconf 78' lang='lat' dir='ltr'>innititur</span> <span class='ocrx_word' id='word_1_133' title='bbox 286 1392 379 1433; x_wconf 85' lang='lat' dir='ltr'>iuxta</span> <span class='ocrx_word' id='word_1_134' title='bbox 400 1390 556 1437; x_wconf 57' lang='lat' dir='ltr'>pra-dista</span> <span class='ocrx_word' id='word_1_135' title='bbox 569 1419 578 1427; x_wconf 90' lang='lat'><strong>.</strong></span> 
     </span>
    </p>

    <p class='ocr_par' dir='ltr' id='par_1_10' title="bbox 62 1437 862 1534">
     <span class='ocr_line' id='line_1_28' title="bbox 87 1437 836 1483; baseline 0.001 -9"><span class='ocrx_word' id='word_1_136' title='bbox 87 1438 453 1483; x_wconf 65' lang='lat' dir='ltr'>CAPPELLANJA,</span> <span class='ocrx_word' id='word_1_137' title='bbox 466 1437 836 1476; x_wconf 74' lang='lat' dir='ltr'>CAPPELLANIAE.</span> 
     </span>
     <span class='ocr_line' id='line_1_29' title="bbox 62 1483 862 1534; baseline 0.004 -14"><span class='ocrx_word' id='word_1_138' title='bbox 62 1483 207 1531; x_wconf 68' lang='lat' dir='ltr'>loannes</span> <span class='ocrx_word' id='word_1_139' title='bbox 236 1486 442 1533; x_wconf 82' lang='lat' dir='ltr'>Augustinus</span> <span class='ocrx_word' id='word_1_140' title='bbox 468 1485 660 1534; x_wconf 85' lang='lat' dir='ltr'>Cappellus</span> <span class='ocrx_word' id='word_1_141' title='bbox 685 1487 862 1531; x_wconf 87' lang='lat' dir='ltr'>ordinavit</span> 
     </span>
    </p>

    <p class='ocr_par' dir='ltr' id='par_1_11' title="bbox 62 1532 861 2148">
     <span class='ocr_line' id='line_1_30' title="bbox 62 1532 861 1580; baseline 0.001 -12"><span class='ocrx_word' id='word_1_142' title='bbox 62 1534 64 1537; x_wconf 81' lang='grc'><strong>’</strong></span> <span class='ocrx_word' id='word_1_143' title='bbox 107 1534 220 1580; x_wconf 84' lang='lat' dir='ltr'>plures</span> <span class='ocrx_word' id='word_1_144' title='bbox 231 1532 481 1580; x_wconf 86' lang='lat' dir='ltr'>Cappellanias</span> <span class='ocrx_word' id='word_1_145' title='bbox 495 1545 556 1579; x_wconf 90' lang='lat' dir='ltr'>pro</span> <span class='ocrx_word' id='word_1_146' title='bbox 565 1535 678 1578; x_wconf 77' lang='lat' dir='ltr'>pueris</span> <span class='ocrx_word' id='word_1_147' title='bbox 692 1561 701 1574; x_wconf 90' lang='lat'><strong>,</strong></span> <span class='ocrx_word' id='word_1_148' title='bbox 721 1537 753 1569; x_wconf 77' lang='lat'>8&lt;</span> <span class='ocrx_word' id='word_1_149' title='bbox 766 1535 861 1571; x_wconf 88' lang='lat' dir='ltr'>scho-</span> 
     </span>
     <span class='ocr_line' id='line_1_31' title="bbox 105 1580 861 1625; baseline 0.004 -11"><span class='ocrx_word' id='word_1_150' title='bbox 105 1580 255 1621; x_wconf 85' lang='lat' dir='ltr'>laribus,</span> <span class='ocrx_word' id='word_1_151' title='bbox 280 1583 311 1614; x_wconf 87' lang='lat'>&amp;</span> <span class='ocrx_word' id='word_1_152' title='bbox 328 1580 477 1615; x_wconf 80' lang='lat' dir='ltr'>Clericis</span> <span class='ocrx_word' id='word_1_153' title='bbox 490 1591 570 1615; x_wconf 89' lang='lat' dir='ltr'>cum</span> <span class='ocrx_word' id='word_1_154' title='bbox 584 1581 778 1625; x_wconf 64' lang='lat' dir='ltr'>praelatione</span> <span class='ocrx_word' id='word_1_155' title='bbox 797 1584 861 1617; x_wconf 85' lang='lat' dir='ltr'>Sa·</span> 
     </span>
     <span class='ocr_line' id='line_1_32' title="bbox 105 1627 860 1673; baseline 0.003 -11"><span class='ocrx_word' id='word_1_156' title='bbox 105 1629 281 1662; x_wconf 65' lang='lat' dir='ltr'>cerdonum</span> <span class='ocrx_word' id='word_1_157' title='bbox 291 1627 562 1662; x_wconf 86' lang='lat' dir='ltr'>descendentium</span> <span class='ocrx_word' id='word_1_158' title='bbox 573 1640 591 1662; x_wconf 87' lang='lat' dir='ltr'>a</span> <span class='ocrx_word' id='word_1_159' title='bbox 601 1640 692 1673; x_wconf 89' lang='lat' dir='ltr'>quon</span> <span class='ocrx_word' id='word_1_160' title='bbox 718 1630 860 1664; x_wconf 80' lang='lat' dir='ltr'>Bernar-</span> 
     </span>
     <span class='ocr_line' id='line_1_33' title="bbox 106 1673 860 1720; baseline 0.004 -12"><span class='ocrx_word' id='word_1_161' title='bbox 106 1675 151 1709; x_wconf 90' lang='lat' dir='ltr'>do</span> <span class='ocrx_word' id='word_1_162' title='bbox 164 1673 305 1720; x_wconf 85' lang='lat' dir='ltr'>Capelli</span> <span class='ocrx_word' id='word_1_163' title='bbox 321 1674 436 1709; x_wconf 73' lang='lat' dir='ltr'>relicto</span> <span class='ocrx_word' id='word_1_164' title='bbox 459 1676 535 1716; x_wconf 81' lang='lat' dir='ltr'>iure</span> <span class='ocrx_word' id='word_1_165' title='bbox 561 1675 758 1711; x_wconf 79' lang='lat' dir='ltr'>nominandi</span> <span class='ocrx_word' id='word_1_166' title='bbox 779 1676 860 1711; x_wconf 83' lang='lat' dir='ltr'>Pro-</span> 
     </span>
     <span class='ocr_line' id='line_1_34' title="bbox 105 1721 859 1759; baseline 0.004 -4"><span class='ocrx_word' id='word_1_167' title='bbox 105 1721 248 1756; x_wconf 78' lang='lat' dir='ltr'>vinciali</span> <span class='ocrx_word' id='word_1_168' title='bbox 261 1745 272 1759; x_wconf 89' lang='lat'>,</span> <span class='ocrx_word' id='word_1_169' title='bbox 295 1721 327 1755; x_wconf 74' lang='grc' dir='ltr'>ὅτ</span> <span class='ocrx_word' id='word_1_170' title='bbox 345 1721 456 1758; x_wconf 88' lang='lat' dir='ltr'>Priori</span> <span class='ocrx_word' id='word_1_171' title='bbox 473 1721 675 1757; x_wconf 84' lang='lat' dir='ltr'>Conventus</span> <span class='ocrx_word' id='word_1_172' title='bbox 689 1721 859 1758; x_wconf 88' lang='lat' dir='ltr'>Carmeli·</span> 
     </span>
     <span class='ocr_line' id='line_1_35' title="bbox 105 1768 859 1813; baseline 0.004 -11"><span class='ocrx_word' id='word_1_173' title='bbox 105 1775 215 1803; x_wconf 88' lang='lat' dir='ltr'>tarum</span> <span class='ocrx_word' id='word_1_174' title='bbox 229 1768 296 1803; x_wconf 90' lang='lat' dir='ltr'>loci</span> <span class='ocrx_word' id='word_1_175' title='bbox 311 1769 466 1809; x_wconf 84' lang='lat' dir='ltr'>Vulturis</span> <span class='ocrx_word' id='word_1_176' title='bbox 479 1797 488 1809; x_wconf 85' lang='lat'><em>,</em></span> <span class='ocrx_word' id='word_1_177' title='bbox 506 1768 528 1803; x_wconf 80' lang='lat' dir='ltr'>si</span> <span class='ocrx_word' id='word_1_178' title='bbox 541 1769 789 1813; x_wconf 82' lang='lat' dir='ltr'>descendentes</span> <span class='ocrx_word' id='word_1_179' title='bbox 800 1772 859 1805; x_wconf 80' lang='lat' dir='ltr'>Sa-</span> 
     </span>
     <span class='ocr_line' id='line_1_36' title="bbox 105 1815 860 1863; baseline 0.004 -13"><span class='ocrx_word' id='word_1_180' title='bbox 105 1815 254 1851; x_wconf 89' lang='lat' dir='ltr'>cerdotes</span> <span class='ocrx_word' id='word_1_181' title='bbox 277 1828 378 1863; x_wconf 80' lang='lat' dir='ltr'>quon.</span> <span class='ocrx_word' id='word_1_182' title='bbox 393 1815 549 1852; x_wconf 82' lang='lat' dir='ltr'>Bernardi</span> <span class='ocrx_word' id='word_1_183' title='bbox 565 1817 707 1863; x_wconf 83' lang='lat' dir='ltr'>capelli</span> <span class='ocrx_word' id='word_1_184' title='bbox 732 1817 860 1853; x_wconf 87' lang='lat' dir='ltr'>defice-</span> 
     </span>
     <span class='ocr_line' id='line_1_37' title="bbox 103 1863 857 1904; baseline 0.003 -7"><span class='ocrx_word' id='word_1_185' title='bbox 103 1872 180 1898; x_wconf 69' lang='lat' dir='ltr'>rent</span> <span class='ocrx_word' id='word_1_186' title='bbox 194 1890 204 1904; x_wconf 86' lang='lat'>‚</span> <span class='ocrx_word' id='word_1_187' title='bbox 231 1875 294 1900; x_wconf 87' lang='lat' dir='ltr'>nec</span> <span class='ocrx_word' id='word_1_188' title='bbox 308 1863 441 1899; x_wconf 85' lang='lat' dir='ltr'>Clerici</span> <span class='ocrx_word' id='word_1_189' title='bbox 455 1890 466 1904; x_wconf 89' lang='lat'>,</span> <span class='ocrx_word' id='word_1_190' title='bbox 489 1873 546 1899; x_wconf 81' lang='lat' dir='ltr'>aut</span> <span class='ocrx_word' id='word_1_191' title='bbox 561 1863 741 1901; x_wconf 81' lang='lat' dir='ltr'>scholares</span> <span class='ocrx_word' id='word_1_192' title='bbox 757 1864 857 1900; x_wconf 87' lang='lat' dir='ltr'>ades-</span> 
     </span>
     <span class='ocr_line' id='line_1_38' title="bbox 103 1910 856 1950; baseline 0.004 -5"><span class='ocrx_word' id='word_1_193' title='bbox 103 1910 201 1950; x_wconf 73' lang='lat' dir='ltr'>sent3</span> <span class='ocrx_word' id='word_1_194' title='bbox 229 1911 317 1946; x_wconf 82' lang='lat' dir='ltr'>ltein</span> <span class='ocrx_word' id='word_1_195' title='bbox 330 1911 419 1946; x_wconf 87' lang='lat' dir='ltr'>idem</span> <span class='ocrx_word' id='word_1_196' title='bbox 431 1912 566 1947; x_wconf 82' lang='lat' dir='ltr'>testator</span> <span class='ocrx_word' id='word_1_197' title='bbox 577 1911 689 1947; x_wconf 79' lang='lat' dir='ltr'>voluit</span> <span class='ocrx_word' id='word_1_198' title='bbox 703 1936 714 1950; x_wconf 83' lang='lat'><strong>,</strong></span> <span class='ocrx_word' id='word_1_199' title='bbox 742 1920 779 1947; x_wconf 86' lang='lat' dir='ltr'>ut</span> <span class='ocrx_word' id='word_1_200' title='bbox 792 1913 856 1948; x_wconf 87' lang='lat' dir='ltr'>de-</span> 
     </span>
     <span class='ocr_line' id='line_1_39' title="bbox 103 1957 855 2005; baseline 0.004 -13"><span class='ocrx_word' id='word_1_201' title='bbox 103 1957 300 1994; x_wconf 81' lang='lat' dir='ltr'>scendentes</span> <span class='ocrx_word' id='word_1_202' title='bbox 312 1971 330 1993; x_wconf 84' lang='lat' dir='ltr'>a</span> <span class='ocrx_word' id='word_1_203' title='bbox 344 1958 523 1994; x_wconf 75' lang='lat' dir='ltr'>Benedicta</span> <span class='ocrx_word' id='word_1_204' title='bbox 543 1958 684 2005; x_wconf 83' lang='lat' dir='ltr'>Donghi</span> <span class='ocrx_word' id='word_1_205' title='bbox 709 1961 781 2002; x_wconf 78' lang='lat' dir='ltr'>ejus</span> <span class='ocrx_word' id='word_1_206' title='bbox 798 1959 855 1996; x_wconf 85' lang='lat' dir='ltr'>so-</span> 
     </span>
     <span class='ocr_line' id='line_1_40' title="bbox 105 2005 856 2055; baseline 0.003 -13"><span class='ocrx_word' id='word_1_207' title='bbox 105 2016 183 2042; x_wconf 78' lang='lat' dir='ltr'>rore</span> <span class='ocrx_word' id='word_1_208' title='bbox 193 2005 320 2051; x_wconf 84' lang='lat' dir='ltr'>possent</span> <span class='ocrx_word' id='word_1_209' title='bbox 333 2008 524 2055; x_wconf 82' lang='lat' dir='ltr'>promoveri</span> <span class='ocrx_word' id='word_1_210' title='bbox 536 2006 727 2043; x_wconf 82' lang='lat' dir='ltr'>adOrdines</span> <span class='ocrx_word' id='word_1_211' title='bbox 737 2007 856 2044; x_wconf 82' lang='lat' dir='ltr'>Sacros</span> 
     </span>
     <span class='ocr_line' id='line_1_41' title="bbox 105 2053 856 2102; baseline 0.007 -16"><span class='ocrx_word' id='word_1_212' title='bbox 105 2053 211 2088; x_wconf 81' lang='lat' dir='ltr'>titulo</span> <span class='ocrx_word' id='word_1_213' title='bbox 224 2054 345 2089; x_wconf 87' lang='lat' dir='ltr'>harum</span> <span class='ocrx_word' id='word_1_214' title='bbox 358 2054 659 2102; x_wconf 83' lang='lat' dir='ltr'>Cappellaniarum</span> <span class='ocrx_word' id='word_1_215' title='bbox 670 2081 678 2094; x_wconf 92' lang='lat'>‚</span> <span class='ocrx_word' id='word_1_216' title='bbox 699 2062 737 2089; x_wconf 91' lang='lat' dir='ltr'>ut</span> <span class='ocrx_word' id='word_1_217' title='bbox 750 2054 856 2091; x_wconf 84' lang='lat' dir='ltr'>latius</span> 
     </span>
     <span class='ocr_line' id='line_1_42' title="bbox 103 2099 852 2148; baseline 0.005 -14"><span class='ocrx_word' id='word_1_218' title='bbox 103 2099 250 2137; x_wconf 85' lang='lat' dir='ltr'>habetur</span> <span class='ocrx_word' id='word_1_219' title='bbox 263 2102 296 2136; x_wconf 79' lang='lat' dir='ltr'>in</span> <span class='ocrx_word' id='word_1_220' title='bbox 307 2105 458 2145; x_wconf 72' lang='lat' dir='ltr'>⁶Januen.</span> <span class='ocrx_word' id='word_1_221' title='bbox 475 2103 767 2148; x_wconf 60' lang='lat' dir='ltr'>cappellaniarum</span> <span class='ocrx_word' id='word_1_222' title='bbox 781 2111 852 2143; x_wconf 53' lang='lat' dir='ltr'>pat..</span> 
     </span>
    </p>

    <p class='ocr_par' dir='ltr' id='par_1_12' title="bbox 57 2147 854 2467">
     <span class='ocr_line' id='line_1_43' title="bbox 57 2147 853 2197; baseline 0.003 -14"><span class='ocrx_word' id='word_1_223' title='bbox 57 2147 264 2195; x_wconf 64' lang='lat' dir='ltr'>{Nominatio</span> <span class='ocrx_word' id='word_1_224' title='bbox 288 2151 328 2183; x_wconf 86' lang='lat' dir='ltr'>ad</span> <span class='ocrx_word' id='word_1_225' title='bbox 352 2148 611 2197; x_wconf 76' lang='lat' dir='ltr'>Cappellaniain</span> <span class='ocrx_word' id='word_1_226' title='bbox 624 2148 752 2183; x_wconf 82' lang='lat' dir='ltr'>Clerici</span> <span class='ocrx_word' id='word_1_227' title='bbox 772 2149 853 2185; x_wconf 83' lang='lat' dir='ltr'>Bar—</span> 
     </span>
     <span class='ocr_line' id='line_1_44' title="bbox 105 2194 853 2238; baseline 0.001 -8"><span class='ocrx_word' id='word_1_228' title='bbox 105 2195 248 2238; x_wconf 78' lang='lat' dir='ltr'>tolomei</span> <span class='ocrx_word' id='word_1_229' title='bbox 263 2195 409 2232; x_wconf 85' lang='lat' dir='ltr'>Pescetti</span> <span class='ocrx_word' id='word_1_230' title='bbox 421 2197 505 2231; x_wconf 59' lang='lat' dir='ltr'>fana</span> <span class='ocrx_word' id='word_1_231' title='bbox 520 2208 549 2232; x_wconf 90' lang='lat' dir='ltr'>a.</span> <span class='ocrx_word' id='word_1_232' title='bbox 566 2194 678 2231; x_wconf 81' lang='lat' dir='ltr'>Priore</span> <span class='ocrx_word' id='word_1_233' title='bbox 692 2198 853 2232; x_wconf 85' lang='lat' dir='ltr'>Conven-</span> 
     </span>
     <span class='ocr_line' id='line_1_45' title="bbox 103 2241 854 2291; baseline 0.001 -13"><span class='ocrx_word' id='word_1_234' title='bbox 103 2251 158 2278; x_wconf 81' lang='lat' dir='ltr'>tus</span> <span class='ocrx_word' id='word_1_235' title='bbox 169 2241 434 2287; x_wconf 82' lang='lat' dir='ltr'>Carmelitarum</span> <span class='ocrx_word' id='word_1_236' title='bbox 447 2256 512 2279; x_wconf 87' lang='lat' dir='ltr'>non</span> <span class='ocrx_word' id='word_1_237' title='bbox 527 2243 620 2279; x_wconf 84' lang='lat' dir='ltr'>valet</span> <span class='ocrx_word' id='word_1_238' title='bbox 634 2244 668 2278; x_wconf 88' lang='lat' dir='ltr'>in</span> <span class='ocrx_word' id='word_1_239' title='bbox 694 2243 854 2291; x_wconf 64' lang='lat' dir='ltr'>prejudi—</span> 
     </span>
     <span class='ocr_line' id='line_1_46' title="bbox 101 2291 852 2338; baseline 0.004 -13"><span class='ocrx_word' id='word_1_240' title='bbox 101 2291 192 2326; x_wconf 86' lang='lat' dir='ltr'>cium</span> <span class='ocrx_word' id='word_1_241' title='bbox 205 2291 417 2327; x_wconf 82' lang='lat' dir='ltr'>sacerdotum</span> <span class='ocrx_word' id='word_1_242' title='bbox 430 2291 703 2334; x_wconf 84' lang='lat' dir='ltr'>descendentium</span> <span class='ocrx_word' id='word_1_243' title='bbox 719 2303 737 2326; x_wconf 89' lang='lat' dir='ltr'>a</span> <span class='ocrx_word' id='word_1_244' title='bbox 750 2303 852 2338; x_wconf 90' lang='lat' dir='ltr'>quon.</span> 
     </span>
     <span class='ocr_line' id='line_1_47' title="bbox 101 2336 852 2386; baseline 0.007 -14"><span class='ocrx_word' id='word_1_245' title='bbox 101 2336 280 2373; x_wconf 77' lang='lat' dir='ltr'>Benedicta</span> <span class='ocrx_word' id='word_1_246' title='bbox 299 2338 442 2386; x_wconf 89' lang='lat' dir='ltr'>Donghi</span> <span class='ocrx_word' id='word_1_247' title='bbox 470 2341 508 2374; x_wconf 90' lang='lat' dir='ltr'>de</span> <span class='ocrx_word' id='word_1_248' title='bbox 529 2339 678 2383; x_wconf 81' lang='lat' dir='ltr'>Capellis</span> <span class='ocrx_word' id='word_1_249' title='bbox 702 2342 852 2383; x_wconf 71' lang='lat' dir='ltr'>‘Januem</span> 
     </span>
     <span class='ocr_line' id='line_1_48' title="bbox 99 2386 849 2467; baseline 0.001 -44"><span class='ocrx_word' id='word_1_250' title='bbox 99 2386 398 2467; x_wconf 48' lang='lat' dir='ltr'>{appellans-arum</span> <span class='ocrx_word' id='word_1_251' title='bbox 437 2386 474 2434; x_wconf 64' lang='grc' dir='ltr'>ξ.</span> <span class='ocrx_word' id='word_1_252' title='bbox 507 2393 608 2422; x_wconf 76' lang='lat' dir='ltr'>Anno</span> <span class='ocrx_word' id='word_1_253' title='bbox 643 2389 736 2422; x_wconf 78' lang='lat' dir='ltr'>circa</span> <span class='ocrx_word' id='word_1_254' title='bbox 775 2401 849 2424; x_wconf 85' lang='lat' dir='ltr'>me-</span> 
     </span>
    </p>

    <p class='ocr_par' dir='ltr' id='par_1_13' title="bbox 123 2446 216 2469">
     <span class='ocr_line' id='line_1_49' title="bbox 123 2446 216 2469; baseline 0.022 -2"><span class='ocrx_word' id='word_1_255' title='bbox 123 2446 191 2469; x_wconf 58' lang='lat' dir='ltr'>lum</span> <span class='ocrx_word' id='word_1_256' title='bbox 205 2458 216 2469; x_wconf 76' lang='grc' dir='ltr'><strong><em>ο</em></strong></span> 
     </span>
    </p>

    <p class='ocr_par' dir='ltr' id='par_1_14' title="bbox 54 2479 851 2668">
     <span class='ocr_line' id='line_1_50' title="bbox 54 2479 851 2528; baseline 0.001 -12"><span class='ocrx_word' id='word_1_257' title='bbox 54 2480 210 2526; x_wconf 62' lang='lat' dir='ltr'>Sacerdos</span> <span class='ocrx_word' id='word_1_258' title='bbox 223 2492 240 2516; x_wconf 89' lang='lat' dir='ltr'>a</span> <span class='ocrx_word' id='word_1_259' title='bbox 250 2479 431 2518; x_wconf 75' lang='lat' dir='ltr'>Benedicta</span> <span class='ocrx_word' id='word_1_260' title='bbox 438 2482 581 2528; x_wconf 80' lang='lat' dir='ltr'>Donghi</span> <span class='ocrx_word' id='word_1_261' title='bbox 596 2481 731 2526; x_wconf 86' lang='lat' dir='ltr'>Capelli</span> <span class='ocrx_word' id='word_1_262' title='bbox 742 2482 851 2528; x_wconf 88' lang='lat' dir='ltr'>potest</span> 
     </span>
     <span class='ocr_line' id='line_1_51' title="bbox 96 2528 851 2567; baseline 0.003 -5"><span class='ocrx_word' id='word_1_263' title='bbox 96 2529 285 2567; x_wconf 78' lang='lat' dir='ltr'>nominari,</span> <span class='ocrx_word' id='word_1_264' title='bbox 307 2530 337 2564; x_wconf 80' lang='grc' dir='ltr'>ὅ(</span> <span class='ocrx_word' id='word_1_265' title='bbox 365 2530 491 2565; x_wconf 85' lang='lat' dir='ltr'>institui</span> <span class='ocrx_word' id='word_1_266' title='bbox 518 2532 602 2565; x_wconf 91' lang='lat' dir='ltr'>licet</span> <span class='ocrx_word' id='word_1_267' title='bbox 627 2529 741 2565; x_wconf 84' lang='lat' dir='ltr'>absens</span> <span class='ocrx_word' id='word_1_268' title='bbox 765 2528 851 2565; x_wconf 85' lang='lat' dir='ltr'>defi·</span> 
     </span>
     <span class='ocr_line' id='line_1_52' title="bbox 96 2575 850 2614; baseline 0.005 -5"><span class='ocrx_word' id='word_1_269' title='bbox 96 2576 249 2611; x_wconf 85' lang='lat' dir='ltr'>centibus</span> <span class='ocrx_word' id='word_1_270' title='bbox 275 2575 419 2612; x_wconf 87' lang='lat' dir='ltr'>Clericis</span> <span class='ocrx_word' id='word_1_271' title='bbox 439 2577 560 2613; x_wconf 66' lang='lat' dir='ltr'>scholae</span> <span class='ocrx_word' id='word_1_272' title='bbox 582 2577 738 2613; x_wconf 85' lang='lat' dir='ltr'>Vulturis</span> <span class='ocrx_word' id='word_1_273' title='bbox 766 2578 850 2614; x_wconf 76' lang='lat' dir='ltr'>Ibid-</span> 
     </span>
     <span class='ocr_line' id='line_1_53' title="bbox 101 2625 505 2668; baseline 0 -7"><span class='ocrx_word' id='word_1_274' title='bbox 101 2629 131 2661; x_wconf 66' lang='grc' dir='ltr'>δ.</span> <span class='ocrx_word' id='word_1_275' title='bbox 149 2625 313 2668; x_wconf 83' lang='lat' dir='ltr'>Hacfreti</span> <span class='ocrx_word' id='word_1_276' title='bbox 326 2628 369 2661; x_wconf 89' lang='lat' dir='ltr'>ad</span> <span class='ocrx_word' id='word_1_277' title='bbox 386 2636 414 2659; x_wconf 85' lang='lat' dir='ltr'>i.</span> <span class='ocrx_word' id='word_1_278' title='bbox 427 2625 505 2661; x_wconf 73' lang='lat' dir='ltr'><em>dub.</em></span> 
     </span>
    </p>

    <p class='ocr_par' dir='ltr' id='par_1_15' title="bbox 51 2670 850 2852">
     <span class='ocr_line' id='line_1_54' title="bbox 51 2670 850 2716; baseline -0.005 -6"><span class='ocrx_word' id='word_1_279' title='bbox 51 2671 195 2716; x_wconf 62' lang='lat' dir='ltr'>‚Ampli&#39;a</span> <span class='ocrx_word' id='word_1_280' title='bbox 210 2697 221 2710; x_wconf 86' lang='lat'>‚</span> <span class='ocrx_word' id='word_1_281' title='bbox 242 2682 279 2708; x_wconf 88' lang='lat' dir='ltr'>ut</span> <span class='ocrx_word' id='word_1_282' title='bbox 293 2673 486 2707; x_wconf 84' lang='lat' dir='ltr'>nominatio</span> <span class='ocrx_word' id='word_1_283' title='bbox 510 2672 693 2708; x_wconf 83' lang='lat' dir='ltr'>Sacerdotis</span> <span class='ocrx_word' id='word_1_284' title='bbox 710 2670 850 2715; x_wconf 79' lang='lat' dir='ltr'>Franci·</span> 
     </span>
     <span class='ocr_line' id='line_1_55' title="bbox 96 2717 848 2767; baseline 0 -14"><span class='ocrx_word' id='word_1_285' title='bbox 96 2717 142 2753; x_wconf 88' lang='lat' dir='ltr'>sci</span> <span class='ocrx_word' id='word_1_286' title='bbox 167 2719 285 2755; x_wconf 80' lang='lat' dir='ltr'>Mariae</span> <span class='ocrx_word' id='word_1_287' title='bbox 311 2721 488 2767; x_wconf 76' lang='lat' dir='ltr'>Paganetti</span> <span class='ocrx_word' id='word_1_288' title='bbox 514 2722 546 2755; x_wconf 89' lang='lat' dir='ltr'>in</span> <span class='ocrx_word' id='word_1_289' title='bbox 569 2719 822 2767; x_wconf 85' lang='lat' dir='ltr'>Cappellanum</span> <span class='ocrx_word' id='word_1_290' title='bbox 838 2745 848 2758; x_wconf 92' lang='lat'><strong>,</strong></span> 
     </span>
     <span class='ocr_line' id='line_1_56' title="bbox 96 2766 848 2813; baseline 0 -12"><span class='ocrx_word' id='word_1_291' title='bbox 96 2767 127 2801; x_wconf 84' lang='lat'>&amp;</span> <span class='ocrx_word' id='word_1_292' title='bbox 147 2766 217 2802; x_wconf 69' lang='lat' dir='ltr'>ludi</span> <span class='ocrx_word' id='word_1_293' title='bbox 248 2767 444 2813; x_wconf 78' lang='lat' dir='ltr'>Magistrum</span> <span class='ocrx_word' id='word_1_294' title='bbox 475 2768 697 2803; x_wconf 84' lang='lat' dir='ltr'>atrovibilem</span> <span class='ocrx_word' id='word_1_295' title='bbox 721 2768 761 2802; x_wconf 86' lang='lat' dir='ltr'>ad</span> <span class='ocrx_word' id='word_1_296' title='bbox 786 2778 848 2801; x_wconf 91' lang='lat' dir='ltr'>nu-</span> 
     </span>
     <span class='ocr_line' id='line_1_57' title="bbox 95 2814 849 2852; baseline 0.004 -5"><span class='ocrx_word' id='word_1_297' title='bbox 95 2822 167 2848; x_wconf 81' lang='lat' dir='ltr'>tum</span> <span class='ocrx_word' id='word_1_298' title='bbox 182 2815 220 2850; x_wconf 76' lang='grc' dir='ltr'>Ρ.</span> <span class='ocrx_word' id='word_1_299' title='bbox 238 2814 466 2852; x_wconf 68' lang='grc' dir='ltr'>Ρτονίῃείεεῌε</span> <span class='ocrx_word' id='word_1_300' title='bbox 491 2815 761 2852; x_wconf 83' lang='lat' dir='ltr'>Carmelitarum</span> <span class='ocrx_word' id='word_1_301' title='bbox 785 2825 849 2850; x_wconf 89' lang='lat' dir='ltr'>ex-</span> 
     </span>
    </p>
   </div>
   <div class='ocr_carea' id='block_1_10' title="bbox 900 205 1734 2764">
    <p class='ocr_par' dir='ltr' id='par_1_16' title="bbox 973 205 1734 290">
     <span class='ocr_line' id='line_1_58' title="bbox 973 205 1734 249; baseline -0.003 -6"><span class='ocrx_word' id='word_1_302' title='bbox 973 208 1199 243; x_wconf 82' lang='lat' dir='ltr'>calceatorum</span> <span class='ocrx_word' id='word_1_303' title='bbox 1212 206 1250 241; x_wconf 90' lang='lat' dir='ltr'>de</span> <span class='ocrx_word' id='word_1_304' title='bbox 1274 206 1346 249; x_wconf 86' lang='lat' dir='ltr'>jure</span> <span class='ocrx_word' id='word_1_305' title='bbox 1369 205 1572 248; x_wconf 83' lang='lat' dir='ltr'>sustineatur</span> <span class='ocrx_word' id='word_1_306' title='bbox 1592 205 1676 241; x_wconf 74' lang='lat' dir='ltr'>[bid.</span> <span class='ocrx_word' id='word_1_307' title='bbox 1691 211 1734 241; x_wconf 75' lang='lat' dir='ltr'>ad</span> 
     </span>
     <span class='ocr_line' id='line_1_59' title="bbox 974 255 1110 290; baseline -0.022 0"><span class='ocrx_word' id='word_1_308' title='bbox 974 265 1007 290; x_wconf 88' lang='grc'>2.</span> <span class='ocrx_word' id='word_1_309' title='bbox 1033 255 1110 290; x_wconf 72' lang='lat' dir='ltr'>dub.</span> 
     </span>
    </p>

    <p class='ocr_par' dir='ltr' id='par_1_17' title="bbox 927 300 1732 488">
     <span class='ocr_line' id='line_1_60' title="bbox 927 300 1732 349; baseline -0.001 -11"><span class='ocrx_word' id='word_1_310' title='bbox 927 302 1134 339; x_wconf 85' lang='lat' dir='ltr'>Nominatio</span> <span class='ocrx_word' id='word_1_311' title='bbox 1162 300 1307 336; x_wconf 87' lang='lat' dir='ltr'>Antonii</span> <span class='ocrx_word' id='word_1_312' title='bbox 1324 301 1364 334; x_wconf 87' lang='lat' dir='ltr'>de</span> <span class='ocrx_word' id='word_1_313' title='bbox 1392 301 1551 348; x_wconf 88' lang='lat' dir='ltr'>Donghis</span> <span class='ocrx_word' id='word_1_314' title='bbox 1567 301 1607 335; x_wconf 84' lang='lat' dir='ltr'>ad</span> <span class='ocrx_word' id='word_1_315' title='bbox 1633 301 1732 349; x_wconf 84' lang='lat' dir='ltr'>Cap-</span> 
     </span>
     <span class='ocr_line' id='line_1_61' title="bbox 973 349 1730 398; baseline 0.003 -14"><span class='ocrx_word' id='word_1_316' title='bbox 973 349 1162 398; x_wconf 77' lang='lat' dir='ltr'>pellaniam</span> <span class='ocrx_word' id='word_1_317' title='bbox 1177 357 1377 394; x_wconf 83' lang='lat' dir='ltr'>perpetuam</span> <span class='ocrx_word' id='word_1_318' title='bbox 1400 360 1466 383; x_wconf 89' lang='lat' dir='ltr'>non</span> <span class='ocrx_word' id='word_1_319' title='bbox 1492 349 1610 388; x_wconf 81' lang='lat' dir='ltr'>valet,</span> <span class='ocrx_word' id='word_1_320' title='bbox 1637 349 1730 386; x_wconf 84' lang='lat' dir='ltr'>secus</span> 
     </span>
     <span class='ocr_line' id='line_1_62' title="bbox 974 395 1727 440; baseline 0.003 -8"><span class='ocrx_word' id='word_1_321' title='bbox 974 397 995 432; x_wconf 87' lang='lat' dir='ltr'>si</span> <span class='ocrx_word' id='word_1_322' title='bbox 1018 395 1078 440; x_wconf 84' lang='lat' dir='ltr'>fiat</span> <span class='ocrx_word' id='word_1_323' title='bbox 1103 397 1143 430; x_wconf 82' lang='lat' dir='ltr'>ad</span> <span class='ocrx_word' id='word_1_324' title='bbox 1172 406 1276 430; x_wconf 85' lang='lat' dir='ltr'>unam</span> <span class='ocrx_word' id='word_1_325' title='bbox 1299 396 1340 430; x_wconf 66' lang='lat' dir='ltr'>et‘t</span> <span class='ocrx_word' id='word_1_326' title='bbox 1373 396 1615 432; x_wconf 85' lang='lat' dir='ltr'>amovibilibus</span> <span class='ocrx_word' id='word_1_327' title='bbox 1644 397 1727 434; x_wconf 82' lang='lat' dir='ltr'><em>Ibld.</em></span> 
     </span>
     <span class='ocr_line' id='line_1_63' title="bbox 975 447 1069 488; baseline 0.011 -10"><span class='ocrx_word' id='word_1_328' title='bbox 975 447 1018 479; x_wconf 81' lang='lat' dir='ltr'>ad</span> <span class='ocrx_word' id='word_1_329' title='bbox 1039 455 1069 488; x_wconf 81' lang='lat'>3.</span> 
     </span>
    </p>

    <p class='ocr_par' dir='ltr' id='par_1_18' title="bbox 924 489 1728 536">
     <span class='ocr_line' id='line_1_64' title="bbox 924 489 1728 536; baseline -0.005 -8"><span class='ocrx_word' id='word_1_330' title='bbox 924 490 1090 528; x_wconf 86' lang='lat' dir='ltr'>Retentio</span> <span class='ocrx_word' id='word_1_331' title='bbox 1106 489 1187 525; x_wconf 85' lang='lat' dir='ltr'>scut.</span> <span class='ocrx_word' id='word_1_332' title='bbox 1208 502 1257 526; x_wconf 85' lang='lat' dir='ltr'>to.</span> <span class='ocrx_word' id='word_1_333' title='bbox 1271 501 1312 524; x_wconf 83' lang='lat' dir='ltr'>ex</span> <span class='ocrx_word' id='word_1_334' title='bbox 1325 491 1403 524; x_wconf 89' lang='lat' dir='ltr'>dote</span> <span class='ocrx_word' id='word_1_335' title='bbox 1421 490 1621 526; x_wconf 78' lang='lat' dir='ltr'>earumdem</span> <span class='ocrx_word' id='word_1_336' title='bbox 1636 489 1728 536; x_wconf 85' lang='lat' dir='ltr'>Cap-</span> 
     </span>
    </p>

    <p class='ocr_par' dir='ltr' id='par_1_19' title="bbox 920 535 1724 678">
     <span class='ocr_line' id='line_1_65' title="bbox 920 535 1724 585; baseline 0 -12"><span class='ocrx_word' id='word_1_337' title='bbox 920 535 924 537; x_wconf 33' lang='lat'>*</span> <span class='ocrx_word' id='word_1_338' title='bbox 971 538 1193 585; x_wconf 77' lang='lat' dir='ltr'>pellaniaruin</span> <span class='ocrx_word' id='word_1_339' title='bbox 1209 550 1276 572; x_wconf 89' lang='lat' dir='ltr'>non</span> <span class='ocrx_word' id='word_1_340' title='bbox 1292 536 1400 580; x_wconf 80' lang='lat' dir='ltr'>potest</span> <span class='ocrx_word' id='word_1_341' title='bbox 1424 535 1495 573; x_wconf 80' lang='lat' dir='ltr'>fieri</span> <span class='ocrx_word' id='word_1_342' title='bbox 1509 539 1525 571; x_wconf 74' lang='grc' dir='ltr'>ὲ</span> <span class='ocrx_word' id='word_1_343' title='bbox 1555 540 1618 572; x_wconf 74' lang='lat' dir='ltr'>r&#39;k’.</span> <span class='ocrx_word' id='word_1_344' title='bbox 1631 537 1724 573; x_wconf 74' lang='lat' dir='ltr'>Car-</span> 
     </span>
     <span class='ocr_line' id='line_1_66' title="bbox 969 584 1724 628; baseline 0.001 -8"><span class='ocrx_word' id='word_1_345' title='bbox 969 585 1099 621; x_wconf 80' lang='lat' dir='ltr'>melitis</span> <span class='ocrx_word' id='word_1_346' title='bbox 1116 611 1124 623; x_wconf 91' lang='lat'>,</span> <span class='ocrx_word' id='word_1_347' title='bbox 1145 586 1204 620; x_wconf 85' lang='lat' dir='ltr'>sed</span> <span class='ocrx_word' id='word_1_348' title='bbox 1220 584 1294 624; x_wconf 86' lang='lat' dir='ltr'>fieri</span> <span class='ocrx_word' id='word_1_349' title='bbox 1311 585 1409 628; x_wconf 77' lang='lat' dir='ltr'>debet</span> <span class='ocrx_word' id='word_1_350' title='bbox 1423 584 1620 620; x_wconf 83' lang='lat' dir='ltr'>distributio</span> <span class='ocrx_word' id='word_1_351' title='bbox 1634 586 1724 621; x_wconf 82' lang='lat' dir='ltr'>inter</span> 
     </span>
     <span class='ocr_line' id='line_1_67' title="bbox 969 633 1405 678; baseline -0.002 -10"><span class='ocrx_word' id='word_1_352' title='bbox 969 633 1203 678; x_wconf 80' lang='lat' dir='ltr'>Cappellanos</span> <span class='ocrx_word' id='word_1_353' title='bbox 1221 633 1304 668; x_wconf 77' lang='lat' dir='ltr'>[bid.</span> <span class='ocrx_word' id='word_1_354' title='bbox 1319 635 1361 667; x_wconf 78' lang='lat' dir='ltr'>ad</span> <span class='ocrx_word' id='word_1_355' title='bbox 1374 644 1405 670; x_wconf 88' lang='lat'>4.</span> 
     </span>
    </p>

    <p class='ocr_par' dir='ltr' id='par_1_20' title="bbox 1003 678 1645 816">
     <span class='ocr_line' id='line_1_68' title="bbox 1003 678 1645 726; baseline -0.003 -11"><span class='ocrx_word' id='word_1_356' title='bbox 1003 679 1546 726; x_wconf 51' lang='lat' dir='ltr'>CAi’PeLLANJAQJOAD</span> <span class='ocrx_word' id='word_1_357' title='bbox 1570 678 1645 714; x_wconf 86' lang='lat' dir='ltr'>IN—</span> 
     </span>
     <span class='ocr_line' id='line_1_69' title="bbox 1051 724 1592 769; baseline 0 -9"><span class='ocrx_word' id='word_1_358' title='bbox 1051 724 1456 769; x_wconf 64' lang='lat' dir='ltr'>COMPATlssiLl&#39;m</span> <span class='ocrx_word' id='word_1_359' title='bbox 1468 726 1568 760; x_wconf 71' lang='lat' dir='ltr'>TEM</span> <span class='ocrx_word' id='word_1_360' title='bbox 1582 752 1592 766; x_wconf 95' lang='lat'>,</span> 
     </span>
     <span class='ocr_line' id='line_1_70' title="bbox 1207 773 1439 816; baseline -0.004 -8"><span class='ocrx_word' id='word_1_361' title='bbox 1207 774 1295 816; x_wconf 80' lang='lat' dir='ltr'>VEL</span> <span class='ocrx_word' id='word_1_362' title='bbox 1312 773 1416 808; x_wconf 75' lang='lat' dir='ltr'>NON</span> <span class='ocrx_word' id='word_1_363' title='bbox 1432 801 1439 807; x_wconf 94' lang='lat'><em>.</em></span> 
     </span>
    </p>

    <p class='ocr_par' dir='ltr' id='par_1_21' title="bbox 917 819 1723 1156">
     <span class='ocr_line' id='line_1_71' title="bbox 917 819 1722 870; baseline -0.006 -9"><span class='ocrx_word' id='word_1_364' title='bbox 917 823 1150 870; x_wconf 70' lang='lat' dir='ltr'>Cappeilania</span> <span class='ocrx_word' id='word_1_365' title='bbox 1176 834 1242 858; x_wconf 90' lang='lat' dir='ltr'>non</span> <span class='ocrx_word' id='word_1_366' title='bbox 1267 820 1312 856; x_wconf 87' lang='lat' dir='ltr'>est</span> <span class='ocrx_word' id='word_1_367' title='bbox 1334 819 1602 864; x_wconf 77' lang='lat' dir='ltr'>incompatibilis</span> <span class='ocrx_word' id='word_1_368' title='bbox 1642 832 1722 862; x_wconf 75' lang='lat' dir='ltr'>cuin</span> 
     </span>
     <span class='ocr_line' id='line_1_72' title="bbox 961 867 1723 916; baseline -0.004 -9"><span class='ocrx_word' id='word_1_369' title='bbox 961 871 1184 907; x_wconf 78' lang='lat' dir='ltr'>canonicatu</span> <span class='ocrx_word' id='word_1_370' title='bbox 1196 897 1204 909; x_wconf 89' lang='lat'>,</span> <span class='ocrx_word' id='word_1_371' title='bbox 1221 868 1357 916; x_wconf 84' lang='lat' dir='ltr'>quando</span> <span class='ocrx_word' id='word_1_372' title='bbox 1369 879 1435 902; x_wconf 88' lang='lat' dir='ltr'>non</span> <span class='ocrx_word' id='word_1_373' title='bbox 1448 867 1493 901; x_wconf 88' lang='lat' dir='ltr'>est</span> <span class='ocrx_word' id='word_1_374' title='bbox 1503 867 1627 901; x_wconf 66' lang='lat' dir='ltr'>adiecta</span> <span class='ocrx_word' id='word_1_375' title='bbox 1643 881 1723 904; x_wconf 83' lang='lat' dir='ltr'>con-</span> 
     </span>
     <span class='ocr_line' id='line_1_73' title="bbox 962 913 1719 959; baseline -0.007 -5"><span class='ocrx_word' id='word_1_376' title='bbox 962 919 1053 954; x_wconf 90' lang='lat' dir='ltr'>ditio</span> <span class='ocrx_word' id='word_1_377' title='bbox 1079 916 1279 959; x_wconf 80' lang='lat' dir='ltr'>celebrandi</span> <span class='ocrx_word' id='word_1_378' title='bbox 1306 915 1421 950; x_wconf 83' lang='lat' dir='ltr'>Missas</span> <span class='ocrx_word' id='word_1_379' title='bbox 1445 926 1503 959; x_wconf 83' lang='lat' dir='ltr'>per</span> <span class='ocrx_word' id='word_1_380' title='bbox 1529 913 1562 948; x_wconf 88' lang='lat' dir='ltr'>se</span> <span class='ocrx_word' id='word_1_381' title='bbox 1588 914 1691 959; x_wconf 87' lang='lat' dir='ltr'>ipsum</span> <span class='ocrx_word' id='word_1_382' title='bbox 1709 942 1719 957; x_wconf 83' lang='grc'>,</span> 
     </span>
     <span class='ocr_line' id='line_1_74' title="bbox 961 961 1719 1011; baseline -0.007 -9"><span class='ocrx_word' id='word_1_383' title='bbox 961 978 1024 1002; x_wconf 88' lang='lat' dir='ltr'>nec</span> <span class='ocrx_word' id='word_1_384' title='bbox 1040 961 1257 1011; x_wconf 67' lang='lat' dir='ltr'>permanendi</span> <span class='ocrx_word' id='word_1_385' title='bbox 1271 973 1435 1010; x_wconf 84' lang='lat' dir='ltr'>perpetuo</span> <span class='ocrx_word' id='word_1_386' title='bbox 1449 962 1481 995; x_wconf 83' lang='lat' dir='ltr'>in</span> <span class='ocrx_word' id='word_1_387' title='bbox 1497 962 1570 996; x_wconf 93' lang='lat' dir='ltr'>loco</span> <span class='ocrx_word' id='word_1_388' title='bbox 1581 987 1591 999; x_wconf 91' lang='lat'><strong><em>,</em></strong></span> <span class='ocrx_word' id='word_1_389' title='bbox 1607 975 1640 996; x_wconf 88' lang='lat' dir='ltr'>in</span> <span class='ocrx_word' id='word_1_390' title='bbox 1652 975 1719 1009; x_wconf 88' lang='lat' dir='ltr'>quo</span> 
     </span>
     <span class='ocr_line' id='line_1_75' title="bbox 962 1011 1719 1060; baseline -0.004 -12"><span class='ocrx_word' id='word_1_391' title='bbox 962 1015 1020 1050; x_wconf 82' lang='lat' dir='ltr'>iila</span> <span class='ocrx_word' id='word_1_392' title='bbox 1048 1013 1185 1049; x_wconf 73' lang='lat' dir='ltr'>fundata</span> <span class='ocrx_word' id='word_1_393' title='bbox 1199 1011 1245 1046; x_wconf 85' lang='lat' dir='ltr'>est</span> <span class='ocrx_word' id='word_1_394' title='bbox 1276 1014 1457 1046; x_wconf 62' lang='lat' dir='ltr'>Trivicam</span> <span class='ocrx_word' id='word_1_395' title='bbox 1485 1012 1719 1060; x_wconf 53' lang='lat' dir='ltr'>s·1spc¹llizltl&#39;oe³</span> 
     </span>
     <span class='ocr_line' id='line_1_76' title="bbox 956 1057 1718 1109; baseline -0.007 -12"><span class='ocrx_word' id='word_1_396' title='bbox 956 1071 993 1109; x_wconf 80' lang='lat' dir='ltr'>p.</span> <span class='ocrx_word' id='word_1_397' title='bbox 1007 1063 1064 1103; x_wconf 86' lang='lat'>69.</span> <span class='ocrx_word' id='word_1_398' title='bbox 1078 1062 1109 1095; x_wconf 67' lang='grc' dir='ltr'>ὃ(</span> <span class='ocrx_word' id='word_1_399' title='bbox 1127 1060 1172 1094; x_wconf 88' lang='lat' dir='ltr'>ita</span> <span class='ocrx_word' id='word_1_400' title='bbox 1186 1058 1372 1102; x_wconf 79' lang='lat' dir='ltr'>resolutum</span> <span class='ocrx_word' id='word_1_401' title='bbox 1389 1057 1452 1092; x_wconf 84' lang='lat' dir='ltr'>suit</span> <span class='ocrx_word' id='word_1_402' title='bbox 1481 1066 1517 1097; x_wconf 80' lang='lat' dir='ltr'>in</span> <span class='ocrx_word' id='word_1_403' title='bbox 1542 1058 1628 1097; x_wconf 60' lang='lat' dir='ltr'>dicta</span> <span class='ocrx_word' id='word_1_404' title='bbox 1644 1061 1718 1094; x_wconf 79' lang='lat' dir='ltr'>Tri·</span> 
     </span>
     <span class='ocr_line' id='line_1_77' title="bbox 961 1113 1204 1156; baseline -0.021 -10"><span class='ocrx_word' id='word_1_405' title='bbox 961 1113 1122 1156; x_wconf 74' lang='lat' dir='ltr'>vicanap</span> <span class='ocrx_word' id='word_1_406' title='bbox 1147 1117 1204 1151; x_wconf 78' lang='lat'>70.</span> 
     </span>
    </p>

    <p class='ocr_par' dir='ltr' id='par_1_22' title="bbox 1129 1149 1498 1193">
     <span class='ocr_line' id='line_1_78' title="bbox 1129 1149 1498 1193; baseline -0.005 -5"><span class='ocrx_word' id='word_1_407' title='bbox 1129 1149 1476 1193; x_wconf 77' lang='lat' dir='ltr'>CAPPELLANUS</span> <span class='ocrx_word' id='word_1_408' title='bbox 1490 1177 1498 1186; x_wconf 89' lang='lat'>.</span> 
     </span>
    </p>

    <p class='ocr_par' dir='ltr' id='par_1_23' title="bbox 917 1199 1719 1393">
     <span class='ocr_line' id='line_1_79' title="bbox 917 1199 1717 1247; baseline -0.005 -8"><span class='ocrx_word' id='word_1_409' title='bbox 917 1205 968 1247; x_wconf 70' lang='lat' dir='ltr'>Ex</span> <span class='ocrx_word' id='word_1_410' title='bbox 980 1204 1102 1239; x_wconf 87' lang='lat' dir='ltr'>statuto</span> <span class='ocrx_word' id='word_1_411' title='bbox 1117 1228 1126 1241; x_wconf 89' lang='lat'>,</span> <span class='ocrx_word' id='word_1_412' title='bbox 1153 1200 1209 1235; x_wconf 87' lang='lat' dir='ltr'>vel</span> <span class='ocrx_word' id='word_1_413' title='bbox 1222 1199 1468 1242; x_wconf 87' lang='lat' dir='ltr'>consuetudine</span> <span class='ocrx_word' id='word_1_414' title='bbox 1483 1207 1621 1233; x_wconf 84' lang='lat' dir='ltr'>tenetur</span> <span class='ocrx_word' id='word_1_415' title='bbox 1631 1200 1717 1235; x_wconf 85' lang='lat' dir='ltr'>cho.-</span> 
     </span>
     <span class='ocr_line' id='line_1_80' title="bbox 961 1247 1719 1289; baseline -0.007 -2"><span class='ocrx_word' id='word_1_416' title='bbox 961 1264 999 1287; x_wconf 85' lang='lat' dir='ltr'>ro</span> <span class='ocrx_word' id='word_1_417' title='bbox 1029 1248 1193 1285; x_wconf 83' lang='lat' dir='ltr'>inservire</span> <span class='ocrx_word' id='word_1_418' title='bbox 1221 1248 1315 1289; x_wconf 84' lang='lat' dir='ltr'>juxta</span> <span class='ocrx_word' id='word_1_419' title='bbox 1351 1257 1568 1282; x_wconf 83' lang='lat' dir='ltr'>communem</span> <span class='ocrx_word' id='word_1_420' title='bbox 1605 1247 1719 1283; x_wconf 81' lang='lat' dir='ltr'>Cano-</span> 
     </span>
     <span class='ocr_line' id='line_1_81' title="bbox 961 1295 1718 1340; baseline -0.001 -7"><span class='ocrx_word' id='word_1_421' title='bbox 961 1298 1120 1334; x_wconf 85' lang='lat' dir='ltr'>iiistarutn</span> <span class='ocrx_word' id='word_1_422' title='bbox 1146 1295 1346 1330; x_wconf 77' lang='lat' dir='ltr'>sententiam</span> <span class='ocrx_word' id='word_1_423' title='bbox 1390 1297 1542 1340; x_wconf 54' lang='lat' dir='ltr'>Ceſsenat.</span> <span class='ocrx_word' id='word_1_424' title='bbox 1569 1296 1718 1338; x_wconf 60' lang='lat' dir='ltr'>servitii</span> 
     </span>
     <span class='ocr_line' id='line_1_82' title="bbox 956 1346 1089 1393; baseline -0.03 0"><span class='ocrx_word' id='word_1_425' title='bbox 956 1358 1036 1393; x_wconf 46' lang='lat' dir='ltr'>pag·</span> <span class='ocrx_word' id='word_1_426' title='bbox 1056 1346 1089 1389; x_wconf 61' lang='lat'>89</span> 
     </span>
    </p>

    <p class='ocr_par' dir='ltr' id='par_1_24' title="bbox 911 1390 1718 1678">
     <span class='ocr_line' id='line_1_83' title="bbox 911 1390 1718 1439; baseline -0.005 -11"><span class='ocrx_word' id='word_1_427' title='bbox 911 1391 1146 1439; x_wconf 72' lang='lat' dir='ltr'>Cappellanus</span> <span class='ocrx_word' id='word_1_428' title='bbox 1163 1391 1361 1425; x_wconf 85' lang='lat' dir='ltr'>nominatus</span> <span class='ocrx_word' id='word_1_429' title='bbox 1376 1417 1384 1430; x_wconf 92' lang='lat'>,</span> <span class='ocrx_word' id='word_1_430' title='bbox 1399 1391 1429 1425; x_wconf 72' lang='lat' dir='ltr'>Et</span> <span class='ocrx_word' id='word_1_431' title='bbox 1446 1390 1663 1434; x_wconf 62' lang='lat' dir='ltr'>praesentatus</span> <span class='ocrx_word' id='word_1_432' title='bbox 1677 1391 1718 1429; x_wconf 86' lang='lat' dir='ltr'>ad</span> 
     </span>
     <span class='ocr_line' id='line_1_84' title="bbox 958 1437 1718 1483; baseline -0.003 -9"><span class='ocrx_word' id='word_1_433' title='bbox 958 1451 1060 1475; x_wconf 86' lang='lat' dir='ltr'>unam</span> <span class='ocrx_word' id='word_1_434' title='bbox 1074 1450 1112 1473; x_wconf 83' lang='lat' dir='ltr'>ex</span> <span class='ocrx_word' id='word_1_435' title='bbox 1129 1437 1368 1482; x_wconf 81' lang='lat' dir='ltr'>Cappellaniis</span> <span class='ocrx_word' id='word_1_436' title='bbox 1380 1437 1516 1477; x_wconf 75' lang='lat' dir='ltr'>joannis</span> <span class='ocrx_word' id='word_1_437' title='bbox 1530 1437 1718 1483; x_wconf 80' lang='lat' dir='ltr'>Augustini</span> 
     </span>
     <span class='ocr_line' id='line_1_85' title="bbox 959 1483 1717 1533; baseline -0.001 -12"><span class='ocrx_word' id='word_1_438' title='bbox 959 1486 1121 1532; x_wconf 88' lang='lat' dir='ltr'>Cappelli</span> <span class='ocrx_word' id='word_1_439' title='bbox 1140 1514 1147 1524; x_wconf 91' lang='lat'>,</span> <span class='ocrx_word' id='word_1_440' title='bbox 1177 1487 1287 1533; x_wconf 81' lang='lat' dir='ltr'>potest</span> <span class='ocrx_word' id='word_1_441' title='bbox 1303 1483 1455 1524; x_wconf 79' lang='lat' dir='ltr'>ordinati</span> <span class='ocrx_word' id='word_1_442' title='bbox 1470 1509 1478 1522; x_wconf 90' lang='lat'><strong><em>,</em></strong></span> <span class='ocrx_word' id='word_1_443' title='bbox 1511 1483 1531 1517; x_wconf 80' lang='lat' dir='ltr'>st</span> <span class='ocrx_word' id='word_1_444' title='bbox 1547 1486 1662 1519; x_wconf 86' lang='lat' dir='ltr'>absens</span> <span class='ocrx_word' id='word_1_445' title='bbox 1677 1485 1717 1520; x_wconf 87' lang='lat' dir='ltr'>sit</span> 
     </span>
     <span class='ocr_line' id='line_1_86' title="bbox 956 1531 1716 1576; baseline -0.005 -6"><span class='ocrx_word' id='word_1_446' title='bbox 956 1534 1053 1576; x_wconf 85' lang='lat' dir='ltr'>juxta</span> <span class='ocrx_word' id='word_1_447' title='bbox 1080 1532 1355 1568; x_wconf 87' lang='lat' dir='ltr'>constitutionem</span> <span class='ocrx_word' id='word_1_448' title='bbox 1394 1531 1587 1565; x_wconf 87' lang='lat' dir='ltr'>Innocentii</span> <span class='ocrx_word' id='word_1_449' title='bbox 1630 1531 1716 1567; x_wconf 72' lang='grc' dir='ltr'>ΧΗ,</span> 
     </span>
     <span class='ocr_line' id='line_1_87' title="bbox 958 1580 1717 1630; baseline -0.005 -13"><span class='ocrx_word' id='word_1_450' title='bbox 958 1594 1030 1630; x_wconf 86' lang='lat' dir='ltr'>quae</span> <span class='ocrx_word' id='word_1_451' title='bbox 1046 1580 1166 1624; x_wconf 83' lang='lat' dir='ltr'>incipit</span> <span class='ocrx_word' id='word_1_452' title='bbox 1190 1581 1427 1628; x_wconf 83' lang='lat' dir='ltr'>Speculatores-</span> <span class='ocrx_word' id='word_1_453' title='bbox 1455 1581 1606 1622; x_wconf 62' lang='lat' dir='ltr'>‘&#39;J-maen.</span> <span class='ocrx_word' id='word_1_454' title='bbox 1631 1585 1717 1627; x_wconf 76' lang='lat' dir='ltr'>Cap-</span> 
     </span>
     <span class='ocr_line' id='line_1_88' title="bbox 955 1625 1548 1678; baseline -0.012 -12"><span class='ocrx_word' id='word_1_455' title='bbox 955 1631 1187 1678; x_wconf 69' lang='lat' dir='ltr'>pellaniarum</span> <span class='ocrx_word' id='word_1_456' title='bbox 1207 1637 1288 1674; x_wconf 64' lang='lat' dir='ltr'>pag.</span> <span class='ocrx_word' id='word_1_457' title='bbox 1305 1639 1326 1673; x_wconf 93' lang='lat'>9</span> <span class='ocrx_word' id='word_1_458' title='bbox 1355 1628 1397 1660; x_wconf 79' lang='lat' dir='ltr'>ad</span> <span class='ocrx_word' id='word_1_459' title='bbox 1414 1635 1449 1660; x_wconf 85' lang='lat'>2.</span> <span class='ocrx_word' id='word_1_460' title='bbox 1467 1625 1548 1659; x_wconf 79' lang='lat' dir='ltr'><em>duh.</em></span> 
     </span>
    </p>

    <p class='ocr_par' dir='ltr' id='par_1_25' title="bbox 909 1671 1715 1865">
     <span class='ocr_line' id='line_1_89' title="bbox 909 1671 1715 1723; baseline -0.001 -12"><span class='ocrx_word' id='word_1_461' title='bbox 909 1676 1141 1723; x_wconf 69' lang='lat' dir='ltr'>cappellanus</span> <span class='ocrx_word' id='word_1_462' title='bbox 1155 1675 1374 1720; x_wconf 84' lang='lat' dir='ltr'>qualificatus</span> <span class='ocrx_word' id='word_1_463' title='bbox 1388 1671 1599 1708; x_wconf 81' lang='lat' dir='ltr'>ordinandus</span> <span class='ocrx_word' id='word_1_464' title='bbox 1612 1673 1658 1707; x_wconf 85' lang='lat' dir='ltr'>est</span> <span class='ocrx_word' id='word_1_465' title='bbox 1671 1675 1715 1710; x_wconf 81' lang='lat' dir='ltr'>ad</span> 
     </span>
     <span class='ocr_line' id='line_1_90' title="bbox 958 1719 1715 1768; baseline -0.003 -10"><span class='ocrx_word' id='word_1_466' title='bbox 958 1735 1058 1763; x_wconf 87' lang='lat' dir='ltr'>unam</span> <span class='ocrx_word' id='word_1_467' title='bbox 1081 1733 1123 1757; x_wconf 82' lang='lat' dir='ltr'>ex</span> <span class='ocrx_word' id='word_1_468' title='bbox 1139 1720 1378 1768; x_wconf 77' lang='lat' dir='ltr'>Cappellaniis</span> <span class='ocrx_word' id='word_1_469' title='bbox 1408 1719 1656 1755; x_wconf 83' lang='lat' dir='ltr'>arnovibili&#39;bus</span> <span class='ocrx_word' id='word_1_470' title='bbox 1670 1722 1715 1756; x_wconf 89' lang='lat' dir='ltr'>ad</span> 
     </span>
     <span class='ocr_line' id='line_1_91' title="bbox 957 1766 1715 1816; baseline -0.004 -9"><span class='ocrx_word' id='word_1_471' title='bbox 957 1773 1099 1807; x_wconf 88' lang='lat' dir='ltr'>formam</span> <span class='ocrx_word' id='word_1_472' title='bbox 1115 1767 1473 1816; x_wconf 71' lang='lat' dir='ltr'>testamentipraedicti</span> <span class='ocrx_word' id='word_1_473' title='bbox 1488 1766 1626 1815; x_wconf 67' lang='lat' dir='ltr'>‚loannis</span> <span class='ocrx_word' id='word_1_474' title='bbox 1641 1769 1715 1804; x_wconf 83' lang='lat' dir='ltr'>Au·-</span> 
     </span>
     <span class='ocr_line' id='line_1_92' title="bbox 957 1816 1476 1865; baseline -0.01 -11"><span class='ocrx_word' id='word_1_475' title='bbox 957 1816 1081 1865; x_wconf 84' lang='lat' dir='ltr'>gustini</span> <span class='ocrx_word' id='word_1_476' title='bbox 1097 1817 1262 1863; x_wconf 74' lang='lat' dir='ltr'>Cappelli</span> <span class='ocrx_word' id='word_1_477' title='bbox 1280 1817 1366 1852; x_wconf 74' lang='lat' dir='ltr'>ibid.</span> <span class='ocrx_word' id='word_1_478' title='bbox 1385 1818 1428 1849; x_wconf 86' lang='lat' dir='ltr'>ad</span> <span class='ocrx_word' id='word_1_479' title='bbox 1445 1825 1476 1854; x_wconf 86' lang='lat'>3.</span> 
     </span>
    </p>

    <p class='ocr_par' dir='ltr' id='par_1_26' title="bbox 907 1861 1715 2054">
     <span class='ocr_line' id='line_1_93' title="bbox 907 1861 1715 1911; baseline -0.002 -12"><span class='ocrx_word' id='word_1_480' title='bbox 907 1864 1134 1910; x_wconf 73' lang='lat' dir='ltr'>cappellanus</span> <span class='ocrx_word' id='word_1_481' title='bbox 1149 1889 1160 1902; x_wconf 91' lang='lat'>,</span> <span class='ocrx_word' id='word_1_482' title='bbox 1181 1862 1314 1911; x_wconf 81' lang='lat' dir='ltr'>q&#39;uoties</span> <span class='ocrx_word' id='word_1_483' title='bbox 1331 1861 1562 1908; x_wconf 75' lang='lat' dir='ltr'>cappellania</span> <span class='ocrx_word' id='word_1_484' title='bbox 1574 1862 1621 1896; x_wconf 89' lang='lat' dir='ltr'>est</span> <span class='ocrx_word' id='word_1_485' title='bbox 1636 1862 1715 1897; x_wconf 83' lang='lat' dir='ltr'>refi-</span> 
     </span>
     <span class='ocr_line' id='line_1_94' title="bbox 954 1908 1712 1957; baseline -0.005 -11"><span class='ocrx_word' id='word_1_486' title='bbox 954 1910 1114 1947; x_wconf 86' lang='lat' dir='ltr'>dentialis</span> <span class='ocrx_word' id='word_1_487' title='bbox 1128 1937 1138 1950; x_wconf 90' lang='lat'>,</span> <span class='ocrx_word' id='word_1_488' title='bbox 1165 1920 1302 1946; x_wconf 87' lang='lat' dir='ltr'>tenetur</span> <span class='ocrx_word' id='word_1_489' title='bbox 1316 1909 1491 1944; x_wconf 86' lang='lat' dir='ltr'>celebrare</span> <span class='ocrx_word' id='word_1_490' title='bbox 1509 1908 1627 1944; x_wconf 81' lang='lat' dir='ltr'>Missas</span> <span class='ocrx_word' id='word_1_491' title='bbox 1649 1923 1712 1957; x_wconf 80' lang='lat' dir='ltr'>per</span> 
     </span>
     <span class='ocr_line' id='line_1_95' title="bbox 954 1955 1711 2004; baseline -0.001 -10"><span class='ocrx_word' id='word_1_492' title='bbox 954 1959 1097 2004; x_wconf 89' lang='lat' dir='ltr'>seipsum</span> <span class='ocrx_word' id='word_1_493' title='bbox 1123 1958 1183 1993; x_wconf 87' lang='lat' dir='ltr'>sub</span> <span class='ocrx_word' id='word_1_494' title='bbox 1212 1969 1311 2002; x_wconf 85' lang='lat' dir='ltr'>poena</span> <span class='ocrx_word' id='word_1_495' title='bbox 1344 1955 1549 2002; x_wconf 77' lang='lat' dir='ltr'>privationis</span> <span class='ocrx_word' id='word_1_496' title='bbox 1584 1961 1711 1993; x_wconf 64' lang='lat' dir='ltr'>Mentis</span> 
     </span>
     <span class='ocr_line' id='line_1_96' title="bbox 953 2003 1589 2054; baseline -0.008 -12"><span class='ocrx_word' id='word_1_497' title='bbox 953 2008 1038 2042; x_wconf 72' lang='lat' dir='ltr'>Alti</span> <span class='ocrx_word' id='word_1_498' title='bbox 1056 2006 1276 2054; x_wconf 63' lang='lat' dir='ltr'>(appellaniae</span> <span class='ocrx_word' id='word_1_499' title='bbox 1291 2006 1334 2039; x_wconf 77' lang='lat' dir='ltr'>ad</span> <span class='ocrx_word' id='word_1_500' title='bbox 1351 2017 1378 2040; x_wconf 89' lang='lat'>1.</span> <span class='ocrx_word' id='word_1_501' title='bbox 1394 2003 1467 2038; x_wconf 66' lang='lat' dir='ltr'>dala.</span> <span class='ocrx_word' id='word_1_502' title='bbox 1479 2013 1516 2049; x_wconf 70' lang='lat' dir='ltr'>s.</span> <span class='ocrx_word' id='word_1_503' title='bbox 1536 2012 1589 2049; x_wconf 81' lang='lat'>57.</span> 
     </span>
    </p>

    <p class='ocr_par' dir='ltr' id='par_1_27' title="bbox 900 2050 1711 2233">
     <span class='ocr_line' id='line_1_97' title="bbox 900 2050 1709 2101; baseline -0.006 -10"><span class='ocrx_word' id='word_1_504' title='bbox 900 2054 1138 2101; x_wconf 74' lang='lat' dir='ltr'>,Cappellanus</span> <span class='ocrx_word' id='word_1_505' title='bbox 1164 2061 1303 2087; x_wconf 84' lang='lat' dir='ltr'>tenetur</span> <span class='ocrx_word' id='word_1_506' title='bbox 1325 2053 1364 2086; x_wconf 84' lang='lat' dir='ltr'>ad</span> <span class='ocrx_word' id='word_1_507' title='bbox 1392 2050 1626 2086; x_wconf 59' lang='lat' dir='ltr'>redditionem</span> <span class='ocrx_word' id='word_1_508' title='bbox 1654 2063 1709 2087; x_wconf 81' lang='lat' dir='ltr'>ra-</span> 
     </span>
     <span class='ocr_line' id='line_1_98' title="bbox 950 2097 1711 2146; baseline -0.003 -10"><span class='ocrx_word' id='word_1_509' title='bbox 950 2102 1055 2137; x_wconf 85' lang='lat' dir='ltr'>tionis</span> <span class='ocrx_word' id='word_1_510' title='bbox 1071 2127 1081 2140; x_wconf 88' lang='lat'>,</span> <span class='ocrx_word' id='word_1_511' title='bbox 1103 2101 1135 2134; x_wconf 85' lang='lat'>&amp;</span> <span class='ocrx_word' id='word_1_512' title='bbox 1151 2099 1442 2146; x_wconf 78' lang='lat' dir='ltr'>consignationem</span> <span class='ocrx_word' id='word_1_513' title='bbox 1455 2097 1610 2133; x_wconf 85' lang='lat' dir='ltr'>omnium</span> <span class='ocrx_word' id='word_1_514' title='bbox 1625 2111 1711 2134; x_wconf 88' lang='lat' dir='ltr'>con-</span> 
     </span>
     <span class='ocr_line' id='line_1_99' title="bbox 950 2144 1710 2185; baseline -0.003 0"><span class='ocrx_word' id='word_1_515' title='bbox 950 2158 1124 2185; x_wconf 73' lang='lat' dir='ltr'>tentorum</span> <span class='ocrx_word' id='word_1_516' title='bbox 1153 2147 1186 2181; x_wconf 93' lang='lat' dir='ltr'>in</span> <span class='ocrx_word' id='word_1_517' title='bbox 1200 2146 1341 2182; x_wconf 85' lang='lat' dir='ltr'>decretis</span> <span class='ocrx_word' id='word_1_518' title='bbox 1360 2146 1459 2181; x_wconf 72' lang='lat' dir='ltr'>sacra:</span> <span class='ocrx_word' id='word_1_519' title='bbox 1491 2144 1710 2183; x_wconf 84' lang='lat' dir='ltr'>Vifitationis</span> 
     </span>
     <span class='ocr_line' id='line_1_100' title="bbox 954 2193 1564 2233; baseline -0.01 0"><span class='ocrx_word' id='word_1_520' title='bbox 954 2208 1072 2233; x_wconf 87' lang='lat' dir='ltr'>coram</span> <span class='ocrx_word' id='word_1_521' title='bbox 1086 2195 1273 2231; x_wconf 75' lang='lat' dir='ltr'>Ordinatio</span> <span class='ocrx_word' id='word_1_522' title='bbox 1286 2197 1325 2228; x_wconf 68' lang='lat' dir='ltr'>..rei</span> <span class='ocrx_word' id='word_1_523' title='bbox 1339 2204 1369 2227; x_wconf 89' lang='lat'>2.</span> <span class='ocrx_word' id='word_1_524' title='bbox 1383 2193 1462 2228; x_wconf 73' lang='lat' dir='ltr'>dub.</span> <span class='ocrx_word' id='word_1_525' title='bbox 1479 2193 1564 2230; x_wconf 79' lang='lat' dir='ltr'>lbid.</span> 
     </span>
    </p>

    <p class='ocr_par' dir='ltr' id='par_1_28' title="bbox 1176 2240 1435 2276">
     <span class='ocr_line' id='line_1_101' title="bbox 1176 2240 1435 2276; baseline 0 -1"><span class='ocrx_word' id='word_1_526' title='bbox 1176 2240 1410 2276; x_wconf 82' lang='lat' dir='ltr'>CENSURA</span> <span class='ocrx_word' id='word_1_527' title='bbox 1427 2267 1435 2275; x_wconf 86' lang='lat'>.</span> 
     </span>
    </p>

    <p class='ocr_par' dir='ltr' id='par_1_29' title="bbox 902 2287 1708 2578">
     <span class='ocr_line' id='line_1_102' title="bbox 902 2287 1708 2335; baseline -0.001 -8"><span class='ocrx_word' id='word_1_528' title='bbox 902 2293 936 2329; x_wconf 80' lang='lat' dir='ltr'>Si</span> <span class='ocrx_word' id='word_1_529' title='bbox 950 2293 1146 2330; x_wconf 78' lang='lat' dir='ltr'>dubitatur,</span> <span class='ocrx_word' id='word_1_530' title='bbox 1172 2300 1214 2327; x_wconf 77' lang='lat' dir='ltr'>an</span> <span class='ocrx_word' id='word_1_531' title='bbox 1243 2289 1318 2335; x_wconf 85' lang='lat' dir='ltr'>quis</span> <span class='ocrx_word' id='word_1_532' title='bbox 1344 2287 1560 2323; x_wconf 81' lang='lat' dir='ltr'>Sacerdotem</span> <span class='ocrx_word' id='word_1_533' title='bbox 1577 2288 1611 2324; x_wconf 89' lang='lat' dir='ltr'>in</span> <span class='ocrx_word' id='word_1_534' title='bbox 1636 2289 1708 2326; x_wconf 82' lang='lat' dir='ltr'>estu</span> 
     </span>
     <span class='ocr_line' id='line_1_103' title="bbox 949 2334 1705 2383; baseline -0.011 -7"><span class='ocrx_word' id='word_1_535' title='bbox 949 2341 1008 2376; x_wconf 85' lang='lat' dir='ltr'>irae</span> <span class='ocrx_word' id='word_1_536' title='bbox 1024 2336 1175 2383; x_wconf 74' lang='lat' dir='ltr'>tetigerit</span> <span class='ocrx_word' id='word_1_537' title='bbox 1193 2363 1200 2374; x_wconf 81' lang='grc'><em>,</em></span> <span class='ocrx_word' id='word_1_538' title='bbox 1227 2346 1283 2377; x_wconf 79' lang='lat' dir='ltr'>aut</span> <span class='ocrx_word' id='word_1_539' title='bbox 1302 2334 1496 2380; x_wconf 72' lang='lat' dir='ltr'>percusserit</span> <span class='ocrx_word' id='word_1_540' title='bbox 1520 2335 1552 2369; x_wconf 88' lang='lat' dir='ltr'>in</span> <span class='ocrx_word' id='word_1_541' title='bbox 1580 2338 1679 2383; x_wconf 77' lang='lat' dir='ltr'>pulsu</span> <span class='ocrx_word' id='word_1_542' title='bbox 1694 2363 1705 2378; x_wconf 90' lang='lat'>,</span> 
     </span>
     <span class='ocr_line' id='line_1_104' title="bbox 949 2383 1706 2424; baseline -0.007 -1"><span class='ocrx_word' id='word_1_543' title='bbox 949 2388 1008 2423; x_wconf 92' lang='lat' dir='ltr'>vel</span> <span class='ocrx_word' id='word_1_544' title='bbox 1025 2388 1057 2421; x_wconf 90' lang='lat' dir='ltr'>in</span> <span class='ocrx_word' id='word_1_545' title='bbox 1075 2383 1216 2420; x_wconf 78' lang='lat' dir='ltr'>Brachio</span> <span class='ocrx_word' id='word_1_546' title='bbox 1234 2411 1243 2424; x_wconf 94' lang='lat'><strong><em>,</em></strong></span> <span class='ocrx_word' id='word_1_547' title='bbox 1274 2394 1342 2423; x_wconf 87' lang='lat' dir='ltr'>non</span> <span class='ocrx_word' id='word_1_548' title='bbox 1357 2383 1540 2417; x_wconf 82' lang='lat' dir='ltr'>incurritur</span> <span class='ocrx_word' id='word_1_549' title='bbox 1565 2384 1706 2421; x_wconf 85' lang='lat' dir='ltr'>censura</span> 
     </span>
     <span class='ocr_line' id='line_1_105' title="bbox 947 2431 1706 2478; baseline -0.018 -7"><span class='ocrx_word' id='word_1_550' title='bbox 947 2431 1388 2478; x_wconf 69' lang='lat' dir='ltr'>Canonissiquisfiiaciente</span> <span class='ocrx_word' id='word_1_551' title='bbox 1399 2433 1617 2468; x_wconf 66' lang='lat' dir='ltr'>inTin-detim</span> <span class='ocrx_word' id='word_1_552' title='bbox 1631 2447 1706 2468; x_wconf 70' lang='lat' dir='ltr'>cen-</span> 
     </span>
     <span class='ocr_line' id='line_1_106' title="bbox 940 2480 1705 2527; baseline 0.001 -12"><span class='ocrx_word' id='word_1_553' title='bbox 940 2484 1104 2527; x_wconf 79' lang='lat' dir='ltr'>surarum</span> <span class='ocrx_word' id='word_1_554' title='bbox 1120 2505 1129 2518; x_wconf 90' lang='lat'>‚</span> <span class='ocrx_word' id='word_1_555' title='bbox 1156 2484 1199 2516; x_wconf 59' lang='grc' dir='ltr'>ἔφ’</span> <span class='ocrx_word' id='word_1_556' title='bbox 1226 2480 1508 2525; x_wconf 66' lang='lat' dir='ltr'>irregularitatis</span> <span class='ocrx_word' id='word_1_557' title='bbox 1524 2482 1567 2514; x_wconf 83' lang='lat' dir='ltr'>ad</span> <span class='ocrx_word' id='word_1_558' title='bbox 1586 2480 1705 2517; x_wconf 72' lang='lat' dir='ltr'>10dub.</span> 
     </span>
     <span class='ocr_line' id='line_1_107' title="bbox 944 2535 1445 2578; baseline -0.006 -14"><span class='ocrx_word' id='word_1_559' title='bbox 944 2539 1025 2578; x_wconf 79' lang='lat' dir='ltr'>pag.</span> <span class='ocrx_word' id='word_1_560' title='bbox 1039 2535 1097 2564; x_wconf 84' lang='lat'>62.</span> <span class='ocrx_word' id='word_1_561' title='bbox 1439 2571 1445 2577; x_wconf 31' lang='grc' dir='ltr'>α</span> 
     </span>
    </p>

    <p class='ocr_par' dir='ltr' id='par_1_30' title="bbox 904 2571 1704 2764">
     <span class='ocr_line' id='line_1_108' title="bbox 904 2571 1704 2621; baseline -0.005 -8"><span class='ocrx_word' id='word_1_562' title='bbox 904 2577 1105 2613; x_wconf 71' lang='lat' dir='ltr'>interdictus</span> <span class='ocrx_word' id='word_1_563' title='bbox 1117 2573 1306 2609; x_wconf 80' lang='lat' dir='ltr'>vervalitei·</span> <span class='ocrx_word' id='word_1_564' title='bbox 1321 2573 1363 2606; x_wconf 82' lang='lat' dir='ltr'>ab</span> <span class='ocrx_word' id='word_1_565' title='bbox 1379 2571 1554 2621; x_wconf 82' lang='lat' dir='ltr'>Episcopo</span> <span class='ocrx_word' id='word_1_566' title='bbox 1573 2602 1581 2614; x_wconf 90' lang='lat'><em>,</em></span> <span class='ocrx_word' id='word_1_567' title='bbox 1608 2585 1645 2609; x_wconf 91' lang='lat' dir='ltr'>ut</span> <span class='ocrx_word' id='word_1_568' title='bbox 1660 2575 1704 2608; x_wconf 82' lang='lat' dir='ltr'>ab</span> 
     </span>
     <span class='ocr_line' id='line_1_109' title="bbox 947 2618 1704 2663; baseline -0.009 -4"><span class='ocrx_word' id='word_1_569' title='bbox 947 2624 1061 2660; x_wconf 85' lang='lat' dir='ltr'>officio</span> <span class='ocrx_word' id='word_1_570' title='bbox 1075 2620 1220 2663; x_wconf 69' lang='lat' dir='ltr'>parochi</span> <span class='ocrx_word' id='word_1_571' title='bbox 1240 2620 1270 2655; x_wconf 84' lang='lat' dir='ltr'>se</span> <span class='ocrx_word' id='word_1_572' title='bbox 1284 2618 1448 2657; x_wconf 71' lang='lat' dir='ltr'>abstineat</span> <span class='ocrx_word' id='word_1_573' title='bbox 1463 2648 1473 2661; x_wconf 84' lang='lat'>,</span> <span class='ocrx_word' id='word_1_574' title='bbox 1497 2623 1605 2657; x_wconf 80' lang='lat' dir='ltr'>donec</span> <span class='ocrx_word' id='word_1_575' title='bbox 1622 2633 1704 2657; x_wconf 83' lang='lat' dir='ltr'>con-</span> 
     </span>
     <span class='ocr_line' id='line_1_110' title="bbox 947 2668 1702 2710; baseline -0.007 -3"><span class='ocrx_word' id='word_1_576' title='bbox 947 2670 1094 2710; x_wconf 86' lang='lat' dir='ltr'>stiterit,</span> <span class='ocrx_word' id='word_1_577' title='bbox 1120 2681 1162 2705; x_wconf 84' lang='lat' dir='ltr'>an</span> <span class='ocrx_word' id='word_1_578' title='bbox 1179 2669 1217 2704; x_wconf 86' lang='lat' dir='ltr'>fit</span> <span class='ocrx_word' id='word_1_579' title='bbox 1243 2668 1393 2703; x_wconf 89' lang='lat' dir='ltr'>incursus</span> <span class='ocrx_word' id='word_1_580' title='bbox 1424 2668 1458 2702; x_wconf 91' lang='lat' dir='ltr'>in</span> <span class='ocrx_word' id='word_1_581' title='bbox 1480 2669 1615 2705; x_wconf 85' lang='lat' dir='ltr'>censura</span> <span class='ocrx_word' id='word_1_582' title='bbox 1643 2693 1653 2707; x_wconf 90' lang='lat'><strong>,</strong></span> <span class='ocrx_word' id='word_1_583' title='bbox 1679 2668 1702 2703; x_wconf 80' lang='lat' dir='ltr'>st</span> 
     </span>
     <span class='ocr_line' id='line_1_111' title="bbox 946 2714 1702 2764; baseline -0.004 -10"><span class='ocrx_word' id='word_1_584' title='bbox 946 2730 1016 2754; x_wconf 90' lang='lat' dir='ltr'>non</span> <span class='ocrx_word' id='word_1_585' title='bbox 1042 2724 1155 2764; x_wconf 84' lang='lat' dir='ltr'>pateat</span> <span class='ocrx_word' id='word_1_586' title='bbox 1179 2743 1190 2756; x_wconf 91' lang='lat'>,</span> <span class='ocrx_word' id='word_1_587' title='bbox 1228 2728 1297 2751; x_wconf 90' lang='lat' dir='ltr'>non</span> <span class='ocrx_word' id='word_1_588' title='bbox 1325 2715 1470 2752; x_wconf 76' lang='lat' dir='ltr'>efficitur</span> <span class='ocrx_word' id='word_1_589' title='bbox 1500 2714 1702 2762; x_wconf 76' lang='lat' dir='ltr'>irregularis</span> 
     </span>
    </p>
   </div>
   <div class='ocr_carea' id='block_1_11' title="bbox 948 2765 1654 2893">
    <p class='ocr_par' dir='ltr' id='par_1_31' title="bbox 948 2765 1654 2893">
     <span class='ocr_line' id='line_1_112' title="bbox 948 2765 1225 2804; baseline 0.011 -4"><span class='ocrx_word' id='word_1_590' title='bbox 948 2768 1035 2804; x_wconf 78' lang='lat' dir='ltr'>ibid.</span> <span class='ocrx_word' id='word_1_591' title='bbox 1046 2768 1089 2802; x_wconf 81' lang='lat' dir='ltr'>ad</span> <span class='ocrx_word' id='word_1_592' title='bbox 1101 2776 1135 2802; x_wconf 78' lang='lat'>2·</span> <span class='ocrx_word' id='word_1_593' title='bbox 1147 2765 1225 2803; x_wconf 80' lang='lat' dir='ltr'>duh.</span> 
     </span>
     <span class='ocr_line' id='line_1_113' title="bbox 1558 2863 1654 2893; baseline 0 0"><span class='ocrx_word' id='word_1_594' title='bbox 1558 2863 1654 2893; x_wconf 75' lang='lat' dir='ltr'>AB·</span> 
     </span>
    </p>
   </div>
  </div>
 </body>
</html>
