2000 3017
255 132 317 182 88

234 198 426 233 brationem
439 192 556 229 filialis
570 189 727 226 Ecclesiae
739 189 936 234 impugnare
950 187 1017 232 pos-

233 244 271 278 sit
295 271 305 284 ,
331 254 430 288 atque
458 245 518 274 roc
543 243 786 273 detrimentum
812 244 1014 282 averterep.

235 301 289 336 54.
313 290 348 338 ξ.
377 291 448 323 Ai'd
463 297 509 321 :nt
523 312 531 320 .

377 332 582 370 ELIGERE
612 330 729 366 ELEC
741 330 823 365 ΓΙΟ
835 354 847 365 .

184 387 224 422 In
254 385 478 420 electioribus
496 378 708 415 officialium
736 389 792 422 per
818 376 1018 422 Capitulum

233 431 467 466 Tarentinum
498 428 530 461 in
557 425 834 472 Congregatione
865 421 1017 470 generali

233 479 307 514 fici-1
323 476 492 513 consuetis
511 487 567 519 per
595 472 766 507 schedulas
782 499 791 513 ,
817 473 1020 506 electionem

233 527 484 561 Scrutatorum
512 522 565 556 sch
590 521 750 555 dularum
778 530 818 553 ex
844 519 936 552 urnis
963 516 1022 550 ubi

234 574 376 608 nomina
399 570 578 604 Vocalium
599 567 672 602 sunt
698 565 858 610 inscripta
884 564 1024 609 respon-

235 619 307 655 sum
322 620 385 653 suit
417 616 558 662 spectare
582 616 620 648 ad
641 612 842 656 Capitulum
858 638 868 651 ‚
894 613 924 646 8(
943 610 1026 645 Cle-

236 678 310 701 rum
329 677 390 711 pro
405 665 477 705 ejus
493 662 631 698 arbitrio
644 688 653 701 ‚
680 671 747 694 non
760 670 872 694 autem
890 659 932 693 ad
951 659 1025 692 Ar·-

239 714 478 748 chidiaconum
495 714 528 745 ill
550 710 731 744 Tarentina
747 708 1029 754 praeei‘riinentiae-

241 774 314 796 'siim
328 769 349 806 s>
371 773 410 806 g.
429 757 657 802 43.c11mse9.
672 758 713 789 ad
729 756 784 787 λεί
799 753 843 787 ab.

291 808 397 853 Qod
428 802 579 848 procedit
617 803 722 836 etiam
739 807 875 846 urgente
894 798 1031 833 neceffi-

241 864 314 890 tate
339 853 485 897 eligendi
511 877 521 889 ,
548 849 603 884 seu
631 849 830 893 subrogandi
853 845 941 880 infra
965 856 1030 878 an—

243 915 325 937 num
342 911 443 934 unum
458 907 515 932 aut
532 897 645 942 plures
661 894 837 929 Officiales
853 919 862 931 ,
887 893 941 926 seu
957 892 1030 926 De-

244 957 382 995 putatos
398 956 510 981 rerum
525 943 780 990 Capitiilarium
797 965 807 978 ‚
819 951 885 985 quo
896 938 973 974 casu
990 938 1031 972 ad

245 995 447 1033 Capitulum
462 1002 562 1036 prout
589 991 716 1031 dejure
730 1015 740 1028 .
770 999 833 1021 non
859 996 972 1022 autem
987 985 1032 1019 ad

244 1040 542 1078 Archidiaconuin
557 1036 752 1085 praedictum
778 1033 934 1078 speetabit
964 1033 1032 1066 ele-

244 1091 313 1125 ctio
331 1088 413 1124 ibid.
433 1089 474 1119 ad
490 1091 533 1119 II.
548 1085 626 1119 <is-ih.

301 1136 340 1170 Et
359 1135 393 1168 in
410 1131 633 1167 electionibus
650 1129 735 1164 infra
761 1140 883 1164 annum
901 1126 1036 1162 facien—

247 1184 298 1218 dis
325 1180 529 1225 Capitulum
557 1178 703 1212 arbitrio
717 1177 776 1211 suo
797 1175 923 1220 poterit
945 1174 1039 1209 adhi-

249 1234 330 1265 bere
346 1229 402 1264 vel
429 1238 494 1260 non
512 1228 725 1261 Scrutatores
741 1224 824 1259 ibid.
838 1227 879 1257 ad
901 1227 958 1256 III.

305 1275 537 1317 Praedioisque
569 1272 753 1318 respective
780 1268 998 1305 Officialibus
1023 1279 1041 1300 a

250 1323 422 1371 Capitulo
437 1321 552 1355 eleois
582 1320 630 1354 fas
650 1319 714 1352 erit
731 1318 876 1363 dirigite
891 1341 901 1354 ,
927 1317 957 1350 ὅ(
981 1314 1040 1348 de—

250 1372 415 1406 mandare
431 1380 469 1402 ea
484 1395 492 1408 ,
518 1380 588 1413 quae
608 1375 752 1412 urgente
766 1365 959 1398 necestitate
973 1372 1039 1395 non

252 1417 355 1453 facile
373 1416 490 1461 postint
505 1427 522 1449 a
538 1415 702 1459 Capitulo
716 1411 889 1456 expediri,
917 1412 950 1444 in
962 1408 1041 1442 reli—

255 1465 333 1511 quis
350 1474 433 1497 vero
452 1463 693 1497 recurrendum
708 1458 773 1493 esse
801 1459 840 1492 ad
858 1455 1042 1500 Archiepi-

256 1513 394 1557 scopum
415 1509 572 1543 statutum
590 1508 657 1542 fuit
673 1507 756 1542 ibici.
774 1509 815 1540 ad
838 1511 928 1540 Vlli-
942 1504 1020 1538 dxl:-

308 1558 487 1593 Cadavera
502 1555 700 1602 eligentium
716 1551 885 1598 seppelliri
903 1563 977 1586 cum
990 1551 1045 1583 lia-

253 1606 332 1642 bitu
347 1606 377 1639 S.
398 1601 931 1638 Francism1²1³„Refermatorum
949 1623 958 1636 ‚
983 1599 1044 1631 de-

256 1655 335 1688 bent
350 1661 505 1697 patenter
530 1650 747 1694 discooperta
771 1650 810 1682 ad
842 1646 1045 1681 Ecclesiam,

261 1707 291 1736 δι
312 1700 422 1734 locum
439 1698 612 1743 sepulturae
629 1696 748 1730 deferri
776 1702 811 1730 ln
832 1701 960 1729 Comen.
977 1698 1044 1724 Fu-

261 1759 379 1783 nerum
401 1772 410 1784 ,
435 1746 698 1788 &fhm‘iionum
719 1741 997 1777 Conventualinm
1007 1746 1046 1784 p.

287 1801 321 1829 ὅ.
341 1795 383 1827 ad
396 1800 429 1826 6.
445 1792 520 1826 fixus]-

262 1805 284 1840 7
338 1838 591 1874 EPlSCOPUS
619 1838 669 1870 IN
697 1833 917 1870 GENERE.

220 1888 403 1935 Episcopus
440 1913 449 1925 ,
476 1887 531 1920 vel
559 1885 676 1919 Abbas
705 1883 760 1928 qui
787 1883 863 1916 loco
889 1877 1046 1925 Episcopi

269 1936 327 1974 est,
345 1944 476 1968 tenetur
492 1932 534 1967 ad
552 1930 703 1966 Ecclesiae
725 1928 942 1964 Cathedralis
958 1952 966 1963 ,
992 1924 1047 1959 vel

269 1982 441 2016 Titularis
460 1980 700 2024 reparationem
723 2001 733 2013 ‚
759 1977 790 2010 in
804 1988 901 2020 quam
915 1973 1049 2007 causam

267 2038 421 2075 quartam
448 2027 638 2060 reddituum
658 2035 784 2070 partem
802 2024 961 2068 aiiignare
988 2021 1050 2053 de·-

267 2077 328 2111 bet
340 2088 373 2122 p.
389 2086 443 2121 41.
461 2076 489 2114 ξ).
506 2083 620 2108 contra
638 2073 793 2117 inprinc.

224 2123 381 2158 Uniones
410 2132 477 2155 non
504 2133 521 2155 a
541 2119 705 2166 potestate
730 2116 911 2163 Episcopi,
938 2114 990 2149 sed
1011 2117 1051 2147 ab

275 2172 335 2204 illa
355 2167 527 2203 Pontificis
555 2167 700 2212 pendent
713 2178 752 2213 p.
765 2178 828 2212 51.
841 2176 913 2201 cum
924 2164 997 2208 fhq·
1023 2169 1051 2199 §.

276 2224 327 2251 Ex
355 2217 408 2250 lais
427 2243 434 2251 .

231 2263 465 2309 Cappellaniae
491 2275 508 2296 a
536 2258 772 2295 Testatoi·ibiis
801 2257 957 2293 institutae
986 2254 1052 2288 Be-

276 2310 390 2345 nelicii
422 2308 642 2346 Ecclesiastici
671 2316 824 2340 naturam
852 2316 919 2338 nori
945 2302 1051 2336 susci-

276 2359 372 2401 piunt
390 2383 397 2395 ‚
426 2356 484 2390 nlsl
502 2368 576 2390 cum
599 2353 792 2399 Episcopali
821 2350 1054 2385 aucloritatedv

277 2404 451 2447 erigantur
470 2430 477 2442 ‚
504 2405 532 2437 ὃ(
555 2401 731 2448 Episcopus
747 2399 913 2445 appi-obet
938 2397 1028 2441 paCta
1046 2423 1055 2434 ,

279 2453 308 2484 ὅτ
339 2450 551 2484 conditiones
570 2476 579 2488 ‚
605 2460 670 2494 que
696 2459 713 2481 a
737 2446 996 2482 Testamribus,
1023 2444 1054 2475 ἃ

282 2497 536 2543 fundatoribus
551 2494 697 2541 apposita
712 2493 925 2540 fuerintpag.
945 2502 996 2532 57.
1026 2492 1054 2531 §-

284 2544 494 2584 manifesti-1771
513 2546 545 2576 in
556 2546 668 2587 priuc-

332 2589 475 2634 Ideoque
495 2587 515 2621 si
531 2588 556 2620 Ἰ
570 2589 692 2622 estator
705 2588 897 2623 consensum
912 2613 921 2625 ,
948 2586 977 2620 &
995 2595 1055 2618 au-

285 2639 474 2672 &oritatem
491 2634 644 2680 Episcopi
663 2634 696 2669 in
721 2636 885 2669 erectione
910 2631 1054 2676 Cappel-

286 2682 383 2718 laniae
400 2692 468 2716 non
484 2680 655 2726 requisivit
671 2707 680 2719 ‚
706 2682 758 2715 sed
780 2683 869 2716 illam
893 2682 965 2720 iure
983 2690 1054 2723 pro-

284 2730 484 2777 priofacerc
510 2728 685 2769 volucrit,
710 2727 865 2762 nilaliud
890 2727 923 2761 in
949 2734 1058 2761 mente

567 121 796 173 INDEX
836 113 1473 170 CONCLUSIONUM
1493 152 1507 167 .

1114 184 1239 219 habere
1252 182 1363 227 potuit
1377 209 1387 222 ,
1413 193 1514 228 quam
1533 181 1769 216 fundationem
1782 174 1914 227 {immi-v

1115 232 1162 266 cis
1187 229 1421 275 Cappellaniae
1435 255 1445 268 ,
1471 228 1586 276 piique
1600 229 1703 273 legati
1722 253 1732 267 ,
1756 230 1843 276 quod
1859 228 1900 262 si-

1115 291 1157 314 ne
1174 277 1335 312 consensu
1349 304 1358 316 ,
1384 278 1414 312 &
1430 277 1631 310 auitoritate
1651 275 1815 322 Episcopi
1838 287 1913 322 po·-

1116 335 1206 361 terat
1220 323 1435 371 consisterep.
1452 326 1510 364 46.
1526 329 1552 359 ὁ.
1569 324 1605 356 Id
1623 324 1729 368 ipstm
1745 345 1756 356 .
1902 313 1911 322 ’

1069 373 1270 422 Episcopum
1308 371 1484 406 Nolanum
1512 369 1578 405 sive
1605 380 1660 414 per
1683 367 1714 402 se
1737 394 1747 406 ,
1772 367 1840 404 sive
1854 362 1911 404 eo¹

1117 421 1279 466 impedito
1312 429 1368 463 pei·
1398 417 1663 452 Convisitatores
1687 424 1904 451 manutenuit

1117 469 1203 502 Sacr.
1220 466 1397 512 Congreg.
1411 465 1443 500 in
1458 463 1646 510 possessione
1668 463 1826 498 visitandi
1842 462 1906 496 Pa-

1123 515 1264 549 rochum
1282 539 1290 552 ‚
1316 514 1347 546 3<
1369 510 1545 546 Ecclesiam
1566 510 1803 546 Parocliialem
1818 508 1908 543 Tei·-

1124 574 1167 597 rae
1187 561 1219 595 S.
1233 560 1319 594 Petri
1346 562 1383 594 ad
1400 558 1567 593 Scafatum
1588 583 1598 596 ,
1621 570 1691 604 qua:
1705 569 1723 591 a
1743 567 1911 605 quacum-

1124 620 1190 655 que
1220 606 1455 653 Episcoporum
1478 632 1487 644 ‚
1515 608 1544 640 &
1573 605 1757 650 praesertim
1776 602 1910 638 Nolani

1128 654 1356 699 juriidioione
1377 654 1485 688 libera
1500 679 1508 692 ,
1535 654 1565 687 δι
1592 655 1623 686 δ’,
1637 652 1710 687 sedi
1733 651 1911 686 immedia-

1128 713 1161 737 te
1177 702 1321 744 subjecta
1335 699 1532 735 asserebatur
1545 703 1579 735 in
1597 700 1829 746 Nolanapug.
1847 708 1902 742 33.

1130 750 1284 794 cumseq.
1299 751 1340 782 ad
1355 753 1378 781 I.
1394 749 1470 782 dub.

1082 796 1261 842 Episcopus
1277 795 1395 841 nequit
1420 794 1564 829 alienum
1581 793 1755 829 clericum
1773 795 1810 828 ad
1832 792 1908 827 &r-

1127 843 1218 878 diues
1244 852 1445 886 promovere
1462 868 1470 880 ‚
1497 840 1557 875 nisi
1591 840 1647 873 vel
1677 839 1907 875 dimissoriali-

1128 892 1186 924 bus
1203 916 1212 928 ‚
1238 889 1296 923 vel
1309 887 1587 923 testimonialibus
1600 887 1772 921 Ordinarii
1786 887 1833 921 sui
1848 886 1909 921 lit-

1129 937 1208 972 teris
1225 935 1416 982 acceptisp.
1432 943 1491 975 46.
1505 935 1536 982 ξ.
1556 936 1685 970 Auditi
1698 957 1709 968 .

1180 984 1275 1018 Adde
1300 982 1425 1028 quodsi
1451 982 1573 1017 litterae
1601 981 1843 1015 testimoniales
1864 980 1909 1014 ab

1131 1029 1319 1066 Ordinario
1341 1031 1424 1063 datae
1451 1029 1574 1064 suerint
1591 1029 1709 1073 absque
1733 1028 1910 1063 mentione

1131 1078 1240 1114 aetatis
1257 1103 1263 1115 ‚
1279 1076 1444 1111 natalium
1459 1102 1469 1115 ‚
1494 1078 1524 1111 ὃ(
1543 1086 1676 1109 morum
1701 1073 1878 1109 ordinandi
1898 1086 1911 1111 ;

1134 1126 1202 1160 imo
1222 1150 1229 1162 ‚
1256 1125 1284 1158 ὅ(
1300 1135 1375 1158 cum
1400 1121 1549 1169 expressa
1563 1121 1784 1156 declaratione
1804 1120 1914 1155 ineffi-

1134 1171 1234 1207 cacire
1249 1172 1287 1204 ad
1306 1168 1457 1204 effectum
1471 1169 1716 1212 promotionis;
1742 1169 1810 1203 haec
1833 1178 1916 1214 pro-

1138 1219 1252 1254 ficiem
1269 1218 1309 1251 ad
1334 1216 1521 1252 obtinenda
1538 1213 1703 1250 Beneficia
1727 1214 1889 1260 simplicia
1904 1240 1916 1254 ,

1139 1277 1205 1301 non
1222 1276 1333 1300 autem
1350 1272 1385 1297 ut
1400 1263 1554 1297 Clericus
1573 1262 1615 1296 ad
1630 1262 1753 1296 Sacros
1772 1264 1917 1296 Ordines

1137 1315 1177 1348 ab
1193 1313 1259 1347 alio
1275 1310 1435 1357 Episcopo
1448 1309 1543 1356 poiiit
1558 1308 1748 1356 promoveri
1759 1322 1796 1359 p.
1808 1310 1864 1354 46.
1881 1310 1915 1357 ς).

1138 1362 1266 1396 .Auditi
1282 1383 1292 1394 .

1189 1410 1269 1454 Qo
1292 1418 1357 1440 non
1379 1404 1531 1440 obstante
1545 1403 1567 1439 si
1593 1402 1889 1453 ordinatuskfuerit
1905 1429 1918 1443 ,

1142 1456 1269 1492 incidet
1284 1454 1317 1487 in
1337 1464 1454 1499 poenas
1469 1452 1571 1487 Buiiae
1588 1454 1823 1498 Speculatores
1845 1476 1854 1489 ,
1882 1451 1914 1484 ὅτ

1142 1501 1334 1551 irregularis
1348 1499 1471 1535 efficiet
1485 1503 1517 1534 in
1531 1503 1635 1545 Burgi
1651 1505 1682 1534 S.
1696 1500 1840 1534 Donnim'
1855 1503 1915 1541 Jeu

1147 1558 1330 1589 Cremonen.
1346 1549 1610 1594 ordinationisp
1635 1554 1689 1588 45.
1715 1557 1785 1580 cum
1794 1545 1867 1590 sq

1189 1594 1320 1632 Clerici
1338 1593 1452 1632 enim,
1478 1594 1536 1639 qui
1551 1592 1651 1627 semel
1667 1592 1724 1626 uni
1752 1591 1915 1635 Episcopo

1141 1645 1207 1680 sese
1221 1642 1424 1679 addixerunt
1440 1668 1449 1680 ,
1476 1649 1643 1686 nequeunt
1658 1640 1698 1672 ab
1711 1638 1823 1677 altero
1839 1637 1916 1682 Epi-

1142 1693 1241 1738 scopo
1256 1689 1387 1726 cacteris
1412 1688 1594 1724 Ordinibus
1620 1685 1833 1733 lior-iestarip.
1858 1684 1919 1724 46.

1145 1744 1176 1782 ξ.
1193 1741 1316 1773 Auditi
1332 1740 1422 1771 circ-„2
1437 1738 1522 1771 med.

1191 1786 1247 1819 An
1268 1795 1349 1820 vero
1373 1783 1436 1818 hoc
1449 1782 1608 1827 procedat
1634 1782 1667 1815 in
1690 1777 1917 1814 ordinatione

1145 1833 1324 1866 Laicorum
1340 1857 1349 1869 ,
1376 1831 1408 1864 in
1421 1831 1542 1875 quibus
1557 1827 1685 1863 nullam
1702 1827 1808 1860 adhue
1824 1823 1920 1868 juris-

1144 1881 1288 1913 ctionem
1302 1877 1482 1923 Episcopus
1497 1877 1634 1923 adeptus
1650 1873 1696 1910 est
1715 1899 1722 1911 ‚
1746 1875 1775 1908 δι
1791 1876 1829 1907 de
1845 1873 1919 1918 qui-

1144 1929 1201 1960 bus
1219 1927 1397 1959 Sacrorum
1426 1924 1660 1959 Conciliorum
1681 1921 1862 1958 Canones¹‚
1885 1919 1919 1952 Sc

1145 1976 1274 2008 decreta
1289 1984 1353 2006 non
1369 1980 1475 2017 agunt
1489 1973 1558 2006 ibid
1582 1971 1732 2016 inprinc.

1101 2020 1277 2058 Ministros
1294 2030 1407 2052 omnes
1431 2019 1498 2051 live
1511 2027 1603 2051 mere
1627 2015 1728 2051 laicos
1744 2040 1753 2053 ,
1777 2013 1841 2048 sive
1856 2014 1920 2047 Ec-

1151 2066 1322 2102 lesiasticos
1336 2065 1509 2110 deputatos
1533 2076 1551 2099 a
1564 2063 1670 2097 Curia
1686 2061 1922 2107 Archiepisco-

1150 2116 1217 2161 pali
1236 2113 1406 2147 Ravennae
1423 2111 1458 2146 in
1489 2109 1636 2150 Dioecesi
1663 2108 1847 2142 faventina
1865 2118 1921 2152 pro

1150 2161 1324 2197 exactione
1340 2159 1526 2194 reddituum
1542 2155 1667 2191 Mensae
1687 2155 1922 2201 Archiepisco-

1151 2208 1238 2256 palis
1251 2219 1317 2241 non
1345 2205 1409 2240 effe
1436 2214 1605 2250 exemptos
1628 2215 1644 2236 a
1667 2202 1922 2245 jurisdictione..-

1147 2254 1296 2300 Episcopi
1322 2253 1509 2288 Faventini
1531 2250 1690 2285 statutum
1707 2248 1771 2284 fuit
1792 2252 1826 2286 in
1853 2257 1921 2294 Ra-

1148 2303 1342 2341 vennensem
1357 2303 1546 2336 faventina
1562 2299 1850 2343 juriniiftzonisp.
1865 2305 1922 2332 20·

1155 2352 1196 2384 ad
1210 2354 1232 2384 I.
1250 2348 1331 2383 duh.

1109 2397 1254 2432 Visitare
1274 2395 1453 2442 Episcopus
1480 2393 1598 2441 nequit
1622 2391 1797 2439 Hospitale
1812 2415 1822 2429 ‚
1846 2387 1868 2422 fi
1889 2388 1921 2422 5ss

1151 2443 1219 2489 ipso
1236 2444 1351 2477 limine
1366 2443 1568 2478 fundationis
1589 2441 1768 2488 Episcopus
1782 2435 1924 2481 expres-

1149 2492 1180 2525 se
1194 2490 1394 2524 excludatur
1403 2499 1440 2536 p.
1457 2499 1514 2530 24⁶
1528 2498 1557 2529 §.
1577 2493 1717 2536 Liparen
1730 2485 1827 2525 infin.

1198 2536 1238 2571 Et
1256 2537 1426 2582 praecipue
1450 2548 1525 2572 cuin
1544 2547 1595 2571 res
1625 2534 1662 2569 sit
1683 2535 1720 2567 de
1738 2541 1842 2577 opere
1863 2531 1923 2575 pio.

1150 2596 1242 2619 mere
1261 2584 1346 2618 laico
1360 2611 1369 2623 ,
1395 2586 1481 2629 quod
1495 2595 1601 2628 neque
1617 2578 1842 2617 Ecclesiastica
1857 2577 1924 2613 lm-

1151 2631 1318 2666 munitate
1331 2633 1481 2676 potiatur
1494 2632 1574 2666 ibid.

1197 2679 1382 2723 Multoque
1398 2679 1502 2723 magis
1520 2677 1540 2711 si
1553 2677 1604 2711 his
1628 2674 1764 2710 accedat
1786 2671 1922 2708 consue«

1155 2726 1235 2762 tudo
1257 2724 1530 2763 Praedecefforum
1545 2735 1610 2758 nori
1637 2722 1791 2759 visitandi
1817 2722 1899 2755 wid.

1785 2765 1881 2817 Qi-
