1978 3017
399 98 423 124 2

329 99 403 174 1⁵04st
425 135 496 170 haee
517 133 723 178 Capitulum
745 130 820 166 sero
843 126 950 169 nimis,
968 127 1099 164 obtulit
1123 127 1280 164 Henrico.
1296 129 1500 177 stipendium,
1520 132 1612 170 illud
1641 134 1847 169 florenorum*

377 183 525 229 quinque
543 205 555 219 ,
581 179 675 225 quod
702 178 876 213 Henricus
886 177 1119 222 postulavetat
1138 186 1229 213 anno
1243 185 1338 223 1734.
1357 179 1407 213 At
1420 178 1483 213 ille
1498 204 1512 218 ,,
1531 189 1663 216 mutato
1681 181 1854 227 consilio,r

379 229 502 266 litem,³
531 238 634 273 quam
648 237 711 273 pro
726 224 882 270 stipendii
907 225 1104 271 quantitate
1119 233 1232 271 egerat
1248 252 1258 265 ,
1284 226 1319 259 in
1347 225 1451 260 aliam
1474 227 1624 262 mutavit
1640 253 1650 266 ,
1673 228 1844 274 negavit-

376 286 442 320 que
471 273 677 309 Beneficium
689 273 786 308 suum
807 271 850 306 ad
873 284 994 308 munus
1013 271 1278 308 Hebdomadarii
1305 271 1515 318 explendum
1529 274 1636 309 teneri
1651 301 1659 309 .
1689 275 1844 322 Capitu-

377 323 449 357 lum
463 328 513 356 ter
527 333 607 356 eum·
620 321 756 355 monuit
770 346 780 358 ,
804 328 841 354 ut
871 319 957 355 illud
974 319 1134 368 impleret
1149 345 1160 357 ,
1183 318 1304 355 frustra
1320 320 1452 367 semper
1465 332 1481 359 ;ι
1500 319 1787 366 Confugit-igitur
1800 322 1847 361 ad-

377 369 608 414 Arnplisslmos
627 367 745 403 Patres
761 393 771 407 ‚
796 367 999 414 postulans,
1026 377 1063 402 ut
1079 367 1199 402 liceret
1228 367 1332 401 alium
1353 367 1552 414 praesentare
1578 367 1720 405 Decano
1746 368 1846 410 iuxta

376 415 670 450 constitutionem
695 415 963 450 Alexandrinam
991 415 1028 449 in
1056 415 1165 449 locum
1194 415 1403 451 contumacis
1427 413 1574 450 Henrici
1602 438 1617 451 .,
1650 414 1760 450 Datisv
1777 413 1846 458 iam

377 462 490 498 literis
518 464 558 497 ad
575 463 771 498 officialem
794 460 1022 496 Leodiensem
1054 488 1064 501 ‚
1086 461 1199 496 Causa
1222 473 1312 497 nune
1341 462 1469 498 duobus
1491 461 1678 509 Capitibus
1702 461 1846 498 collecta

376 510 579 555 proponitur
602 534 613 545 .
639 508 797 554 Longum
823 507 902 543 ess'et
928 508 1089 556 Capituli
1115 517 1264 545 rationes
1286 509 1387 556 longo
1411 509 1531 547 libello
1558 510 1655 544 datas
1682 519 1846 553 excerpe-

376 568 412 591 re
427 581 437 595 ,
467 569 545 591 nam
560 558 689 592 Folium
704 556 740 590 in
760 556 925 591 volumen
941 555 1152 594 excresceret
1166 581 1179 592 a
1200 557 1259 593 Ab
1272 557 1428 593 Henrico
1441 556 1530 592 nihil
1545 556 1722 592 habuimus
1736 580 1748 592 .
1771 555 1845 592 Du-

375 604 435 639 bia
448 603 525 638 sunt
542 632 550 639 .

342 650 376 687 fa
394 657 454 687 un
468 653 589 699 Reffor
611 649 772 692 Beneficii
786 654 892 688 ereffi
909 654 952 687 ad
965 651 1096 688 Altare
1120 653 1454 700 Sanffi‘Leodegarii
1469 651 1619 697 secimdae
1628 650 1846 695 fundationis

518 703 555 735 in
582 700 771 744 collegiata
789 698 932 742 Ecclefia
961 701 1075 734 Sanffi'
1093 701 1240 735 Martini
1255 702 1422 736 Civitatis
1436 701 1594 736 Leodien.
1609 707 1772 733 teneatur
1785 701 1848 734 ad·-

520 747 797 826 iiffiplcre-munus
812 745 1078 782 Hebdomadarii
1093 747 1190 781 diffie
1210 746 1355 789 Ecclefiae
1383 747 1572 794 eollegiatae
1588 744 1606 780 ,ἶ
1631 744 1663 779 &
1677 754 1847 790 quatenus

522 803 539 826 a
581 801 749 828 rmative.

338 838 380 875 ll.
404 838 465 875 {An
480 844 649 876 Henricns
675 840 875 883 Eustacht'us
902 845 1006 885 Coroy
1025 838 1168 885 ejusdem
1191 838 1354 882 Beneficii
1371 838 1524 888 poffivffor
1546 842 1737 876 incurrerit
1760 844 1846 888 pri-

520 891 700 924 ovationem
727 890 811 924 disti
833 887 992 930 Beneficii
1019 888 1216 930 adformam
1232 888 1417 924 literarum
1443 889 1646 924 Alexandri
1660 890 1718 920 VI.
1734 913 1745 927 ,
1771 892 1847 923 ita-

521 936 685 973 utkliceat
702 937 859 984 capitulo
884 937 1237 982 aliumpraesentarc,
1260 938 1305 982 &f
1328 941 1465 971 Decano
1490 935 1592 972 illius
1607 931 1784 975 instituere
1812 937 1849 971 in

523 983 601 1026 casir
628 985 705 1021 &a

431 1078 555 1113 Dilata
573 1077 614 1112 ad
640 1077 843 1125 sequentem
858 1104 867 1113 .

54 1169 198 1212 ιεἐἐίῗιεέι.
229 1186 258 1204 ι.
276 1184 309 1207 ia
334 1170 809 1257 ALBlNTlMlLlEN.
835 1171 1186 1210 MATRiMONH:
1211 1173 1360 1210 Omnem
1384 1182 1570 1210 moverunt
1594 1175 1738 1221 lapidem
1757 1173 1850 1208 Hie-

29 1217 68 1252 de
85 1213 157 1262 Ref-
173 1223 282 1253 Matr.
367 1258 370 1261 ,
456 1232 596 1266 ronyma
621 1221 814 1260 Mouleon‚
845 1224 875 1257 δι
896 1221 1041 1257 Carolus
1070 1221 1270 1258 Honoratus
1297 1223 1461 1261 Tiberii,
1489 1231 1528 1256 ut
1545 1222 1747 1268 Magdalena
1773 1220 1848 1257 filia

382 1269 530 1303 nuberet
547 1270 734 1303 Advocato.
746 1270 845 1304 Petro
870 1269 982 1304 Felici
999 1269 1115 1303 Vento
1129 1293 1139 1303 .
1162 1269 1202 1304 ld
1223 1271 1329 1306 etiam
1342 1271 1469 1305 summa
1490 1281 1556 1315 ope
1580 1269 1717 1304 curavit
1731 1271 1847 1304 Sacen

382 1318 440 1350 dos
456 1315 608 1350 Carolus
625 1315 758 1350 Bottini
775 1343 784 1356 ‚
811 1316 843 1351 id
858 1327 974 1351 omnes
988 1315 1204 1362 Magdalenae
1218 1316 1460 1364 consanguinei
1477 1341 1488 1356 ‚
1512 1314 1732 1363 compressam
1750 1327 1824 1350 eam
1838 1341 1850 1355 ,

379 1363 607 1406 vitiatamque
629 1364 780 1398 dicentes
803 1363 847 1398 ab
866 1365 1071 1403 Advocato,
1098 1363 1155 1408 qui
1184 1365 1406 1410 deprehensus
1434 1363 1469 1398 in
1495 1365 1640 1399 crimine
1666 1363 1848 1410 Virginem
1885 1366 1890 1400 ’.

378 1420 522 1444 uxorem
540 1409 663 1445 ducere
677 1410 871 1455 promiserit
882 1438 891 1450 ‚
917 1413 1007 1457 quod
1022 1420 1136 1445 tamen
1149 1421 1247 1457 negat
1261 1440 1271 1452 ‚
1297 1412 1494 1457 semperque
1516 1409 1660 1456 negavit
1674 1411 1847 1445 Advoca-

379 1466 435 1492 tus
452 1483 459 1491 .
488 1455 627 1503 Scripta
643 1459 750 1503 igitur
767 1469 785 1492 a
810 1458 993 1493 Sacerdote
1012 1456 1169 1493 Bottinio
1180 1462 1307 1503 apocha
1322 1458 1522 1504 sponsalium
1538 1484 1548 1497 ,
1573 1468 1647 1492 eam
1659 1456 1785 1492 detulit
1805 1455 1848 1491 ad

379 1506 606 1540 Advocatum
626 1531 637 1545 ,
667 1513 704 1540 ut
731 1504 957 1540 subscriberet
979 1531 987 1544 ,
1014 1507 1139 1540 amicus
1163 1507 1250 1541 alter
1273 1507 1475 1541 Advocatus
1498 1503 1654 1540 Michael
1682 1503 1848 1539 lmberti.

376 1553 469 1588 Cum
484 1562 519 1586 re
533 1551 657 1587 insecta
677 1551 831 1588 rediisset
859 1552 1019 1588 lmbertus
1034 1579 1044 1593 ,
1068 1553 1246 1588 recusavit
1267 1555 1360 1588 enim
1382 1551 1642 1587 constantissime
1672 1552 1847 1591 Advoca-¹

375 1607 431 1634 tus
447 1600 568 1634 Petrus
585 1599 680 1634 Felix
707 1601 873 1645 apocham
890 1599 1091 1636 subscribere
1106 1626 1115 1639 ‚
1139 1609 1234 1635 tanta
1261 1611 1381 1635 omnes
1393 1598 1589 1634 exarserunt
1615 1598 1690 1639 ira,
1717 1607 1757 1632 ut
1783 1608 1848 1631 ne-

375 1657 452 1681 cem
468 1646 498 1681 ei
514 1645 707 1682 indixerint
724 1674 734 1688 ‚
758 1648 790 1682 &
804 1647 964 1682 Sacerdos
981 1646 1152 1682 Bottinius
1167 1647 1279 1683 furens
1292 1672 1304 1686 .
1335 1658 1411 1684 cum
1423 1654 1529 1692 porta
1543 1644 1664 1692 egredi
1679 1655 1749 1680 non
1762 1643 1845 1689 pos-

376 1693 426 1728 set
441 1719 452 1732 ,
477 1692 618 1728 fenestra
632 1693 700 1728 sese
714 1694 826 1729 voluit
849 1694 999 1736 dejicere
1013 1720 1023 1734 ‚
1048 1705 1084 1730 ut
1107 1706 1150 1731 eo
1163 1695 1326 1742 temporis
1344 1696 1468 1739 puncto
1485 1694 1710 1728 Advocatum
1727 1692 1846 1726 inter·

374 1741 492 1774 liceret
508 1764 519 1775 .
542 1738 660 1775 Rediit
673 1740 716 1775 ad
736 1741 956 1776 Advocatum
973 1741 1141 1777 imbertus
1155 1766 1165 1780 ,
1186 1743 1218 1777 8<
1243 1740 1390 1777 narratis
1411 1751 1482 1785 quae
1504 1739 1642 1774 viderat
1658 1764 1671 1778 ,
1697 1750 1841 1784 quaeque

374 1788 712 1825 audiverat,amicum
728 1786 839 1826 suasit,
852 1797 889 1823 ut
903 1787 1003 1823 aliam
1020 1789 1320 1833 apocham,paucis
1336 1787 1475 1823 mutatis
1489 1785 1718 1822 subscriberet
1730 1785 1842 1832 ,quod

374 1835 497 1869 saelum
517 1832 582 1868 fuit
595 1834 638 1868 ab
654 1836 834 1869 Advocato
850 1835 964 1869 Vento
989 1836 1268 1882 protestationem
1279 1835 1458 1870 emittente
1471 1835 1512 1869 de
1538 1832 1704 1868 nullitate
1722 1835 1812 1867 actus
1827 1857 1839 1871 .

373 1883 466 1927 quod
492 1881 551 1920 vi,
577 1890 734 1928 metuque
750 1909 760 1922 ,
789 1893 855 1916 non
885 1881 1002 1927 sponte
1021 1908 1030 1921 ,
1059 1883 1089 1917 &
1121 1895 1163 1918 ex
1187 1882 1290 1918 animi
1313 1881 1362 1917 sui
1388 1881 1556 1916 sententia
1585 1879 1841 1916 subscriberet.

373 1930 451 1963 Hae
464 1929 593 1975 apocha
617 1940 770 1975 egerunt
787 1955 796 1968 ,
817 1938 855 1964 ut
880 1927 1082 1964 Advocatus
1097 1930 1139 1965 ad
1161 1929 1417 1965 matrimonium
1435 1928 1711 1963 contrahendum
1735 1938 1838 1961 com-

373 1976 562 2023 pelleretur
580 2002 590 2015 ‚
613 1976 666 2011 sed
681 1975 865 2023 Rescripto
880 1976 1047 2022 Principis
1059 1986 1201 2012 cautum
1217 1977 1304 2016 fuit,
1329 1985 1367 2012 ut
1393 1986 1445 2011 res
1460 1974 1593 2010 servato
1611 1975 1691 2016 iuris
1715 1974 1837 2008 ordine

375 2022 662 2069 cognosceretur.
688 2023 806 2060 Movit
829 2023 863 2058 id
878 2024 1011 2059 animos
1038 2023 1199 2060 universae
1226 2024 1381 2059 Familiae
1395 2023 1590 2064 Mouleon,
1613 2023 1645 2057 &
1669 2019 1811 2055 Tiberti
1826 2047 1837 2060 ‚

375 2080 412 2105 ut
438 2071 479 2105 ad
501 2081 618 2105 necem
643 2071 846 2107 Advocatus
869 2070 1148 2117 conquireretur,
1172 2072 1259 2118 qui,
1280 2079 1321 2106 ut·
1344 2070 1407 2105 suae
1432 2069 1514 2105 vitae
1540 2068 1749 2115 prospiceret
1773 2094 1783 2107 ‚
1817 2078 1838 2101 a.

375 2118 534 2153 Mentoiii
550 2118 691 2165 Oppido
709 2118 881 2155 communi
905 2118 1064 2153 omnium
1078 2118 1187 2164 patria
1199 2118 1344 2154 diseeffit
1360 2144 1370 2157 ‚
1394 2118 1429 2155 δι,
1452 2118 1488 2151 in·
1509 2116 1629 2150 Castro
1653 2118 1688 2150 di
1709 2121 1837 2159 Κοσσα-

373 2167 483 2201 bruna
500 2168 590 2212 apud
605 2167 745 2202 stutirem
768 2166 835 2201 sese
849 2167 979 2210 recepit
994 2193 1003 2207 ,
1028 2167 1201 2213 petiitque
1217 2178 1237 2200 a>
1259 2166 1373 2207 judice
1387 2190 1398 2204 ,
1426 2172 1463 2199 ut
1476 2160 1648 2198 Proceffus
1661 2161 1836 2203 iudicialis

373 2210 474 2248 fieret
495 2212 540 2246 de
568 2213 672 2247 minis
699 2213 882 2249 inferendae
906 2213 1023 2253 necis,
1052 2223 1157 2260 utque
1181 2213 1393 2259 Magdalena
1415 2210 1683 2257 compelleretur
1700 2223 1719 2243 a
1738 2218 1835 2257 prae-

367 2258 512 2303 feritarfi
526 2263 560 2295 in
589 2263 688 2296 Curia
704 2286 714 2299 ,
738 2275 755 2297 e
770 2262 914 2297 dedurre
937 2261 1042 2305 lasua
1063 2263 1204 2308 pretesa
1219 2261 1361 2308 querela
1382 2271 1441 2295 con
1464 2265 1557 2293 tutto
1570 2258 1618 2292 cio*
1635 2280 1651 2296 ,‚
1673 2271 1689 2293 e
1704 2265 1834 2303 quanto

372 2308 536 2354 pretende
552 2308 610 2342 dal
638 2316 875 2354 comparente.

332 2353 502 2392 processus
516 2354 681 2399 incaeptus
706 2353 794 2395 fuit,
821 2353 994 2400 auditique
1011 2353 1149 2391 fuerunt
1177 2355 1298 2390 Testes
1319 2355 1359 2389 d'e
1374 2352 1501 2392 minis.
1522 2363 1606 2399 quos
1625 2351 1717 2387 inter
1728 2350 1835 2392 joan-

376 2412 436 2436 nes
451 2401 543 2436 Preti
558 2401 772 2448 Magdalenae
791 2401 1019 2437 Consobrinus
1034 2426 1045 2436 .
1070 2402 1184 2438 Biduo
1202 2402 1372 2448 postuuam
1397 2401 1453 2437 hic
1474 2399 1720 2435 testicationem
1741 2397 1833 2434 fece-

375 2459 430 2483 rat
452 2475 462 2488 ,
485 2448 710 2484 Advocatum
723 2449 869 2493 prodidit
883 2462 898 2488 3·
914 2461 992 2484 narn
1007 2448 1151 2485 Tiberti
1176 2463 1194 2485 a
1210 2449 1315 2484 curia
1331 2445 1559 2485 Ecclefiastica
1572 2447 1836 2493 impetraverant

376 2494 576 2530 facultatem
596 2522 607 2536 ‚
635 2506 674 2532 ut
694 2497 955 2531 matrimonium
970 2497 1060 2531 inter
1083 2498 1298 2532 Advocatum
1313 2494 1450 2531 Petrum
1473 2494 1633 2529 Felicem
1647 2493 1781 2531 Vento,
1800 2494 1831 2528 δι

374 2541 620 2586 Magdalenam.
647 2542 780 2579 Tiberti
800 2554 912 2579 coram
940 2555 1152 2589 quocumque
1180 2545 1361 2580 Sacerdote
1389 2542 1546 2578 contrahi
1570 2538 1701 2586 posset,
1727 2539 1832 2577 nullis

372 2590 541 2633 praemiffis
558 2590 708 2634 publicis
727 2590 1051 2626 denunciationibus
1068 2617 1077 2630 ,
1104 2592 1134 2626 &
1151 2591 1336 2626 statuerant
1348 2590 1382 2626 vi
1396 2591 1612 2625 Advocatum
1625 2597 1747 2631 cogere
1762 2611 1773 2625 ,
1793 2598 1832 2624 ut

369 2636 627 2671 matrimonium
652 2638 894 2677 contraheret.
922 2638 1147 2673 Machinatio-
1165 2640 1235 2674 haec
1258 2637 1348 2676 fuit,
1372 2646 1415 2671 utv
1433 2636 1633 2671 Advocatus
1651 2644 1669 2667 a
1697 2633 1832 2675 Joanne

368 2683 460 2716 Preti
479 2692 657 2717 vocaretur
675 2685 708 2718 in
725 2686 922 2730 proximum
938 2685 1095 2729 praedium
1123 2686 1219 2721 suum
1235 2688 1270 2720 di
1296 2682 1488 2727 Carnolese‚
1513 2681 1569 2716 ubi
1592 2681 1632 2714 ad
1647 2681 1832 2718 matrimo-

368 2730 465 2765 nium
494 2729 761 2765 contrahendum
783 2731 978 2776 adigeretur
999 2743 1112 2767 coram
1140 2734 1324 2769 Sacerdote
1348 2729 1528 2767 Bottinio.
1552 2728 1691 2763 Summo
1717 2728 1831 2773 itaque

1685 2786 1785 2810 mane
