<?xml version="1.0" encoding="UTF-8"?>
<!DOCTYPE html PUBLIC "-//W3C//DTD XHTML 1.0 Transitional//EN"
    "http://www.w3.org/TR/xhtml1/DTD/xhtml1-transitional.dtd">
<html xmlns="http://www.w3.org/1999/xhtml" xml:lang="en" lang="en">
 <head>
  <title>
</title>
<meta http-equiv="Content-Type" content="text/html;charset=utf-8" />
  <meta name='ocr-system' content='tesseract 3.04.00' />
  <meta name='ocr-capabilities' content='ocr_page ocr_carea ocr_par ocr_line ocrx_word'/>
</head>
<body>
  <div class='ocr_page' id='page_1' title='image "./thesaurusresolut18cath_0252.png"; bbox 0 0 1978 3017; ppageno 0'>
   <div class='ocr_carea' id='block_1_1' title="bbox 43 2621 318 2805">
    <p class='ocr_par' dir='ltr' id='par_1_1' title="bbox 43 2621 318 2805">
     <span class='ocr_line' id='line_1_1' title="bbox 65 2621 317 2658; baseline -0.004 -5"><span class='ocrx_word' id='word_1_1' title='bbox 65 2621 149 2657; x_wconf 50' lang='lat' dir='ltr'>sall.</span> <span class='ocrx_word' id='word_1_2' title='bbox 164 2632 195 2658; x_wconf 85' lang='lat'>7.</span> <span class='ocrx_word' id='word_1_3' title='bbox 213 2622 317 2654; x_wconf 55' lang='lat' dir='ltr'>08.st</span> 
     </span>
     <span class='ocr_line' id='line_1_2' title="bbox 45 2668 316 2711; baseline 0.004 -12"><span class='ocrx_word' id='word_1_4' title='bbox 45 2669 110 2710; x_wconf 61' lang='lat' dir='ltr'>Rffj‘ss</span> <span class='ocrx_word' id='word_1_5' title='bbox 126 2668 196 2711; x_wconf 29' lang='lat' dir='ltr'>„Se-fis·</span> <span class='ocrx_word' id='word_1_6' title='bbox 225 2678 277 2700; x_wconf 81' lang='lat'>21.</span> <span class='ocrx_word' id='word_1_7' title='bbox 291 2680 316 2700; x_wconf 86' lang='lat' dir='ltr'>c.</span> 
     </span>
     <span class='ocr_line' id='line_1_3' title="bbox 43 2714 318 2759; baseline 0 -13"><span class='ocrx_word' id='word_1_8' title='bbox 43 2715 59 2746; x_wconf 61' lang='lat'>55</span> <span class='ocrx_word' id='word_1_9' title='bbox 91 2716 127 2749; x_wconf 80' lang='grc' dir='ltr'><em>αέ</em></span> <span class='ocrx_word' id='word_1_10' title='bbox 147 2717 217 2759; x_wconf 62' lang='lat' dir='ltr'>Rif.</span> <span class='ocrx_word' id='word_1_11' title='bbox 235 2714 318 2755; x_wconf 50' lang='lat' dir='ltr'>Sella</span> 
     </span>
     <span class='ocr_line' id='line_1_4' title="bbox 44 2763 317 2805; baseline 0 -9"><span class='ocrx_word' id='word_1_12' title='bbox 44 2763 317 2805; x_wconf 50' lang='lat' dir='ltr'>‡3.c.15.deF,{‚f&#39;.</span> 
     </span>
    </p>
   </div>
   <div class='ocr_carea' id='block_1_2' title="bbox 381 118 1752 192">
    <p class='ocr_par' dir='ltr' id='par_1_2' title="bbox 381 118 1752 192">
     <span class='ocr_line' id='line_1_5' title="bbox 381 118 1752 192; baseline -0.007 -1"><span class='ocrx_word' id='word_1_13' title='bbox 381 118 429 192; x_wconf 53' lang='lat' dir='ltr'>gszt</span> <span class='ocrx_word' id='word_1_14' title='bbox 451 154 496 189; x_wconf 87' lang='lat' dir='ltr'>sc.</span> <span class='ocrx_word' id='word_1_15' title='bbox 521 162 657 190; x_wconf 60' lang='lat'>1000„</span> <span class='ocrx_word' id='word_1_16' title='bbox 688 149 794 186; x_wconf 79' lang='lat' dir='ltr'>annui</span> <span class='ocrx_word' id='word_1_17' title='bbox 825 146 976 183; x_wconf 85' lang='lat' dir='ltr'>redditus</span> <span class='ocrx_word' id='word_1_18' title='bbox 1002 146 1048 183; x_wconf 87' lang='lat' dir='ltr'>sc.</span> <span class='ocrx_word' id='word_1_19' title='bbox 1075 154 1130 186; x_wconf 83' lang='lat'>30.</span> <span class='ocrx_word' id='word_1_20' title='bbox 1156 169 1167 181; x_wconf 87' lang='lat'><strong>.</strong></span> <span class='ocrx_word' id='word_1_21' title='bbox 1193 147 1281 182; x_wconf 80' lang='lat' dir='ltr'>Haee</span> <span class='ocrx_word' id='word_1_22' title='bbox 1303 146 1466 184; x_wconf 81' lang='lat' dir='ltr'>Sodales.</span> <span class='ocrx_word' id='word_1_23' title='bbox 1492 147 1652 186; x_wconf 81' lang='lat' dir='ltr'>Dubium</span> <span class='ocrx_word' id='word_1_24' title='bbox 1676 151 1752 188; x_wconf 82' lang='lat' dir='ltr'>est.</span> 
     </span>
    </p>
   </div>
   <div class='ocr_carea' id='block_1_3' title="bbox 333 196 1373 247">
    <p class='ocr_par' dir='ltr' id='par_1_3' title="bbox 333 196 1373 247">
     <span class='ocr_line' id='line_1_6' title="bbox 333 196 1373 247; baseline -0.008 -10"><span class='ocrx_word' id='word_1_25' title='bbox 333 203 443 247; x_wconf 72' lang='lat' dir='ltr'>,Anfit</span> <span class='ocrx_word' id='word_1_26' title='bbox 457 201 699 245; x_wconf 78' lang='lat' dir='ltr'>consulendum</span> <span class='ocrx_word' id='word_1_27' title='bbox 717 196 1131 244; x_wconf 64' lang='lat' dir='ltr'>Sanfliffimoprogratia</span> <span class='ocrx_word' id='word_1_28' title='bbox 1145 198 1181 232; x_wconf 86' lang='lat' dir='ltr'>in</span> <span class='ocrx_word' id='word_1_29' title='bbox 1198 197 1279 240; x_wconf 80' lang='lat' dir='ltr'>casu</span> <span class='ocrx_word' id='word_1_30' title='bbox 1295 200 1373 234; x_wconf 60' lang='lat' dir='ltr'>&amp;a</span> 
     </span>
    </p>
   </div>
   <div class='ocr_carea' id='block_1_4' title="bbox 381 288 1860 391">
    <p class='ocr_par' dir='ltr' id='par_1_4' title="bbox 381 288 1860 391">
     <span class='ocr_line' id='line_1_7' title="bbox 429 288 1860 338; baseline -0.001 -7"><span class='ocrx_word' id='word_1_31' title='bbox 429 293 658 331; x_wconf 82' lang='lat' dir='ltr'>Affirmative</span> <span class='ocrx_word' id='word_1_32' title='bbox 668 320 680 335; x_wconf 90' lang='lat'><em>‚</em></span> <span class='ocrx_word' id='word_1_33' title='bbox 699 292 785 329; x_wconf 72' lang='lat' dir='ltr'>facta</span> <span class='ocrx_word' id='word_1_34' title='bbox 797 291 1011 338; x_wconf 84' lang='lat' dir='ltr'>obligatione</span> <span class='ocrx_word' id='word_1_35' title='bbox 1025 288 1259 337; x_wconf 70' lang='lat' dir='ltr'>assignationis</span> <span class='ocrx_word' id='word_1_36' title='bbox 1274 288 1368 327; x_wconf 84' lang='lat' dir='ltr'>fundi</span> <span class='ocrx_word' id='word_1_37' title='bbox 1382 288 1566 338; x_wconf 84' lang='lat' dir='ltr'>defignati,</span> <span class='ocrx_word' id='word_1_38' title='bbox 1592 290 1624 327; x_wconf 85' lang='lat'>&amp;</span> <span class='ocrx_word' id='word_1_39' title='bbox 1639 292 1753 330; x_wconf 85' lang='lat' dir='ltr'>emissa</span> <span class='ocrx_word' id='word_1_40' title='bbox 1766 293 1860 330; x_wconf 79' lang='lat' dir='ltr'>obli-</span> 
     </span>
     <span class='ocr_line' id='line_1_8' title="bbox 381 340 1088 391; baseline -0.007 -13"><span class='ocrx_word' id='word_1_41' title='bbox 381 342 526 391; x_wconf 85' lang='lat' dir='ltr'>gatione</span> <span class='ocrx_word' id='word_1_42' title='bbox 542 341 705 389; x_wconf 83' lang='lat' dir='ltr'>generali</span> <span class='ocrx_word' id='word_1_43' title='bbox 723 340 881 376; x_wconf 91' lang='lat' dir='ltr'>omnium</span> <span class='ocrx_word' id='word_1_44' title='bbox 897 341 1063 375; x_wconf 83' lang='lat' dir='ltr'>bonorum</span> <span class='ocrx_word' id='word_1_45' title='bbox 1076 359 1088 372; x_wconf 83' lang='lat'>.</span> 
     </span>
    </p>
   </div>
   <div class='ocr_carea' id='block_1_5' title="bbox 370 433 1870 1288">
    <p class='ocr_par' dir='ltr' id='par_1_5' title="bbox 435 433 1860 474">
     <span class='ocr_line' id='line_1_9' title="bbox 435 433 1860 474; baseline 0.001 -3"><span class='ocrx_word' id='word_1_46' title='bbox 435 436 632 474; x_wconf 80' lang='lat' dir='ltr'>OMANA</span> <span class='ocrx_word' id='word_1_47' title='bbox 656 433 996 473; x_wconf 78' lang='lat' dir='ltr'><strong>UTENSILIUM=</strong></span> <span class='ocrx_word' id='word_1_48' title='bbox 1025 434 1182 471; x_wconf 86' lang='lat' dir='ltr'>Decreto</span> <span class='ocrx_word' id='word_1_49' title='bbox 1207 436 1292 471; x_wconf 86' lang='lat' dir='ltr'>clar.</span> <span class='ocrx_word' id='word_1_50' title='bbox 1306 446 1409 470; x_wconf 90' lang='lat' dir='ltr'>mem.</span> <span class='ocrx_word' id='word_1_51' title='bbox 1429 434 1626 471; x_wconf 78' lang='lat' dir='ltr'>cardinalis</span> <span class='ocrx_word' id='word_1_52' title='bbox 1650 435 1860 474; x_wconf 70' lang='lat' dir='ltr'>Zondadarii</span> 
     </span>
    </p>

    <p class='ocr_par' dir='ltr' id='par_1_6' title="bbox 370 481 1870 1288">
     <span class='ocr_line' id='line_1_10' title="bbox 444 481 1861 529; baseline 0 -9"><span class='ocrx_word' id='word_1_53' title='bbox 444 484 646 521; x_wconf 76' lang='lat' dir='ltr'>visitatoris</span> <span class='ocrx_word' id='word_1_54' title='bbox 660 482 856 529; x_wconf 87' lang='lat' dir='ltr'>Apostolici</span> <span class='ocrx_word' id='word_1_55' title='bbox 872 482 1033 517; x_wconf 76' lang='lat' dir='ltr'>Ecclesiae</span> <span class='ocrx_word' id='word_1_56' title='bbox 1047 481 1082 516; x_wconf 90' lang='lat' dir='ltr'>S.</span> <span class='ocrx_word' id='word_1_57' title='bbox 1095 483 1224 528; x_wconf 85' lang='lat' dir='ltr'>Angeli</span> <span class='ocrx_word' id='word_1_58' title='bbox 1249 484 1285 519; x_wconf 85' lang='lat' dir='ltr'>in</span> <span class='ocrx_word' id='word_1_59' title='bbox 1309 483 1401 518; x_wconf 88' lang='lat' dir='ltr'>Foro</span> <span class='ocrx_word' id='word_1_60' title='bbox 1428 481 1578 519; x_wconf 80' lang='lat' dir='ltr'>Piscario</span> <span class='ocrx_word' id='word_1_61' title='bbox 1601 484 1861 520; x_wconf 71' lang='lat' dir='ltr'>constitutum.-</span> 
     </span>
     <span class='ocr_line' id='line_1_11' title="bbox 378 530 1861 580; baseline -0.001 -12"><span class='ocrx_word' id='word_1_62' title='bbox 378 532 448 569; x_wconf 81' lang='lat' dir='ltr'>fuit</span> <span class='ocrx_word' id='word_1_63' title='bbox 463 559 474 572; x_wconf 95' lang='lat'>‚</span> <span class='ocrx_word' id='word_1_64' title='bbox 497 532 670 580; x_wconf 75' lang='lat' dir='ltr'>utfinguli</span> <span class='ocrx_word' id='word_1_65' title='bbox 690 531 887 578; x_wconf 77' lang='lat' dir='ltr'>cappellani</span> <span class='ocrx_word' id='word_1_66' title='bbox 903 530 1049 571; x_wconf 75' lang='lat' dir='ltr'>fhlvere</span> <span class='ocrx_word' id='word_1_67' title='bbox 1063 538 1267 568; x_wconf 78' lang='lat' dir='ltr'>tenerentur</span> <span class='ocrx_word' id='word_1_68' title='bbox 1284 532 1445 566; x_wconf 72' lang='lat' dir='ltr'>Sacrario</span> <span class='ocrx_word' id='word_1_69' title='bbox 1466 532 1618 578; x_wconf 84' lang='lat' dir='ltr'><em>Capituli</em></span> <span class='ocrx_word' id='word_1_70' title='bbox 1641 540 1765 567; x_wconf 64' lang='lat' dir='ltr'>raxam</span> <span class='ocrx_word' id='word_1_71' title='bbox 1779 544 1861 567; x_wconf 84' lang='lat' dir='ltr'>con-</span> 
     </span>
     <span class='ocr_line' id='line_1_12' title="bbox 370 578 1860 627; baseline -0.001 -13"><span class='ocrx_word' id='word_1_72' title='bbox 370 583 511 625; x_wconf 78' lang='lat' dir='ltr'>suetam</span> <span class='ocrx_word' id='word_1_73' title='bbox 525 581 568 613; x_wconf 82' lang='lat' dir='ltr'>ad</span> <span class='ocrx_word' id='word_1_74' title='bbox 577 582 836 627; x_wconf 80' lang='lat' dir='ltr'>proportionem</span> <span class='ocrx_word' id='word_1_75' title='bbox 850 578 1025 624; x_wconf 79' lang='lat' dir='ltr'>miffarum</span> <span class='ocrx_word' id='word_1_76' title='bbox 1043 589 1111 625; x_wconf 86' lang='lat' dir='ltr'>pro</span> <span class='ocrx_word' id='word_1_77' title='bbox 1128 578 1187 622; x_wconf 80' lang='lat' dir='ltr'>usu</span> <span class='ocrx_word' id='word_1_78' title='bbox 1209 578 1387 622; x_wconf 77' lang='lat' dir='ltr'>sacrorum</span> <span class='ocrx_word' id='word_1_79' title='bbox 1401 578 1697 625; x_wconf 59' lang='lat' dir='ltr'>fitppelleblilium</span> <span class='ocrx_word' id='word_1_80' title='bbox 1711 604 1722 618; x_wconf 89' lang='lat'><strong>,</strong></span> <span class='ocrx_word' id='word_1_81' title='bbox 1745 590 1831 615; x_wconf 84' lang='lat' dir='ltr'>cerae</span> <span class='ocrx_word' id='word_1_82' title='bbox 1847 604 1860 618; x_wconf 90' lang='lat'>‚</span> 
     </span>
     <span class='ocr_line' id='line_1_13' title="bbox 381 623 1860 671; baseline -0.001 -9"><span class='ocrx_word' id='word_1_83' title='bbox 381 633 425 666; x_wconf 52' lang='grc' dir='ltr'><em>ὼ</em></span> <span class='ocrx_word' id='word_1_84' title='bbox 440 629 519 662; x_wconf 84' lang='lat' dir='ltr'>vini</span> <span class='ocrx_word' id='word_1_85' title='bbox 535 653 545 666; x_wconf 89' lang='lat'><strong>,</strong></span> <span class='ocrx_word' id='word_1_86' title='bbox 571 631 615 664; x_wconf 52' lang='grc' dir='ltr'><strong><em>φ</em></strong></span> <span class='ocrx_word' id='word_1_87' title='bbox 629 628 714 661; x_wconf 85' lang='lat' dir='ltr'>aliis</span> <span class='ocrx_word' id='word_1_88' title='bbox 729 630 805 662; x_wconf 65' lang='grc' dir='ltr'>(φτ.</span> <span class='ocrx_word' id='word_1_89' title='bbox 821 623 960 660; x_wconf 86' lang='lat' dir='ltr'><strong>Contra</strong></span> <span class='ocrx_word' id='word_1_90' title='bbox 975 624 1040 660; x_wconf 84' lang='lat' dir='ltr'>hoc</span> <span class='ocrx_word' id='word_1_91' title='bbox 1066 625 1259 660; x_wconf 87' lang='lat' dir='ltr'><strong>Decretum</strong></span> <span class='ocrx_word' id='word_1_92' title='bbox 1286 625 1481 671; x_wconf 84' lang='lat' dir='ltr'>Leopoldus</span> <span class='ocrx_word' id='word_1_93' title='bbox 1502 625 1664 661; x_wconf 82' lang='lat' dir='ltr'>Ficedola</span> <span class='ocrx_word' id='word_1_94' title='bbox 1688 652 1699 666; x_wconf 89' lang='lat'><strong>,</strong></span> <span class='ocrx_word' id='word_1_95' title='bbox 1726 624 1860 671; x_wconf 86' lang='lat' dir='ltr'>aliique</span> 
     </span>
     <span class='ocr_line' id='line_1_14' title="bbox 381 670 1862 719; baseline -0.001 -11"><span class='ocrx_word' id='word_1_96' title='bbox 381 676 447 709; x_wconf 89' lang='lat' dir='ltr'>duo</span> <span class='ocrx_word' id='word_1_97' title='bbox 458 672 605 714; x_wconf 82' lang='lat' dir='ltr'>ejusdem</span> <span class='ocrx_word' id='word_1_98' title='bbox 624 671 780 708; x_wconf 82' lang='lat' dir='ltr'>Ecclefiae</span> <span class='ocrx_word' id='word_1_99' title='bbox 793 670 966 708; x_wconf 76' lang='lat' dir='ltr'>canonici</span> <span class='ocrx_word' id='word_1_100' title='bbox 979 696 991 710; x_wconf 88' lang='lat'>,</span> <span class='ocrx_word' id='word_1_101' title='bbox 1017 672 1077 718; x_wconf 88' lang='lat' dir='ltr'>qui</span> <span class='ocrx_word' id='word_1_102' title='bbox 1095 670 1164 717; x_wconf 83' lang='lat' dir='ltr'>post</span> <span class='ocrx_word' id='word_1_103' title='bbox 1177 672 1432 708; x_wconf 86' lang='lat' dir='ltr'>Canonicatum</span> <span class='ocrx_word' id='word_1_104' title='bbox 1456 673 1686 708; x_wconf 83' lang='lat' dir='ltr'>obtinuerunt</span> <span class='ocrx_word' id='word_1_105' title='bbox 1701 672 1862 719; x_wconf 81' lang='lat' dir='ltr'>Cappel-</span> 
     </span>
     <span class='ocr_line' id='line_1_15' title="bbox 383 718 1864 769; baseline -0.001 -12"><span class='ocrx_word' id='word_1_106' title='bbox 383 720 489 757; x_wconf 80' lang='lat' dir='ltr'>lanias</span> <span class='ocrx_word' id='word_1_107' title='bbox 504 730 685 769; x_wconf 82' lang='lat' dir='ltr'>perpetuas</span> <span class='ocrx_word' id='word_1_108' title='bbox 699 746 709 760; x_wconf 93' lang='lat'>,</span> <span class='ocrx_word' id='word_1_109' title='bbox 734 731 805 766; x_wconf 80' lang='lat' dir='ltr'>quae</span> <span class='ocrx_word' id='word_1_110' title='bbox 819 719 855 753; x_wconf 89' lang='lat' dir='ltr'>in</span> <span class='ocrx_word' id='word_1_111' title='bbox 868 719 991 755; x_wconf 90' lang='lat' dir='ltr'>eadem</span> <span class='ocrx_word' id='word_1_112' title='bbox 1004 718 1156 754; x_wconf 75' lang='lat' dir='ltr'>Ecclesia</span> <span class='ocrx_word' id='word_1_113' title='bbox 1171 721 1287 754; x_wconf 70' lang='lat' dir='ltr'>erectae</span> <span class='ocrx_word' id='word_1_114' title='bbox 1301 720 1378 755; x_wconf 90' lang='lat' dir='ltr'>sunt</span> <span class='ocrx_word' id='word_1_115' title='bbox 1391 742 1402 759; x_wconf 89' lang='lat'>,</span> <span class='ocrx_word' id='word_1_116' title='bbox 1426 720 1457 754; x_wconf 90' lang='lat'>&amp;</span> <span class='ocrx_word' id='word_1_117' title='bbox 1473 719 1564 755; x_wconf 86' lang='lat' dir='ltr'>sacra</span> <span class='ocrx_word' id='word_1_118' title='bbox 1581 728 1689 767; x_wconf 86' lang='lat' dir='ltr'>agunt</span> <span class='ocrx_word' id='word_1_119' title='bbox 1701 720 1755 755; x_wconf 88' lang='lat' dir='ltr'>uti</span> <span class='ocrx_word' id='word_1_120' title='bbox 1767 720 1864 765; x_wconf 82' lang='lat' dir='ltr'>Cap-</span> 
     </span>
     <span class='ocr_line' id='line_1_16' title="bbox 382 765 1864 814; baseline -0.001 -11"><span class='ocrx_word' id='word_1_121' title='bbox 382 768 538 814; x_wconf 85' lang='lat' dir='ltr'>pellani,</span> <span class='ocrx_word' id='word_1_122' title='bbox 564 777 755 803; x_wconf 88' lang='lat' dir='ltr'>renuerunt</span> <span class='ocrx_word' id='word_1_123' title='bbox 775 774 889 802; x_wconf 89' lang='lat' dir='ltr'>taxam</span> <span class='ocrx_word' id='word_1_124' title='bbox 913 766 1046 801; x_wconf 89' lang='lat' dir='ltr'>solvere</span> <span class='ocrx_word' id='word_1_125' title='bbox 1063 774 1237 812; x_wconf 87' lang='lat' dir='ltr'>praetextu</span> <span class='ocrx_word' id='word_1_126' title='bbox 1262 765 1537 802; x_wconf 83' lang='lat' dir='ltr'>canonicatuum</span> <span class='ocrx_word' id='word_1_127' title='bbox 1551 793 1562 807; x_wconf 91' lang='lat'>,</span> <span class='ocrx_word' id='word_1_128' title='bbox 1586 779 1672 814; x_wconf 87' lang='lat' dir='ltr'>quos</span> <span class='ocrx_word' id='word_1_129' title='bbox 1689 776 1808 802; x_wconf 88' lang='lat' dir='ltr'>tenent</span> <span class='ocrx_word' id='word_1_130' title='bbox 1826 767 1864 802; x_wconf 82' lang='lat' dir='ltr'>in</span> 
     </span>
     <span class='ocr_line' id='line_1_17' title="bbox 383 811 1865 859; baseline -0.003 -7"><span class='ocrx_word' id='word_1_131' title='bbox 383 813 529 852; x_wconf 71' lang='lat' dir='ltr'>Ecclesia</span> <span class='ocrx_word' id='word_1_132' title='bbox 545 839 554 849; x_wconf 88' lang='lat'>.</span> <span class='ocrx_word' id='word_1_133' title='bbox 582 815 686 850; x_wconf 87' lang='lat' dir='ltr'>Nihil</span> <span class='ocrx_word' id='word_1_134' title='bbox 700 813 863 849; x_wconf 63' lang='lat' dir='ltr'>intacitum</span> <span class='ocrx_word' id='word_1_135' title='bbox 877 811 992 848; x_wconf 80' lang='lat' dir='ltr'>omisit</span> <span class='ocrx_word' id='word_1_136' title='bbox 1013 813 1219 859; x_wconf 82' lang='lat' dir='ltr'>Capitulum</span> <span class='ocrx_word' id='word_1_137' title='bbox 1240 838 1251 852; x_wconf 81' lang='lat'><em>,</em></span> <span class='ocrx_word' id='word_1_138' title='bbox 1278 823 1317 848; x_wconf 87' lang='lat' dir='ltr'>ut</span> <span class='ocrx_word' id='word_1_139' title='bbox 1332 812 1562 858; x_wconf 79' lang='lat' dir='ltr'>resipiscerent</span> <span class='ocrx_word' id='word_1_140' title='bbox 1579 838 1591 852; x_wconf 87' lang='lat'>,</span> <span class='ocrx_word' id='word_1_141' title='bbox 1616 814 1669 848; x_wconf 89' lang='lat' dir='ltr'>sed</span> <span class='ocrx_word' id='word_1_142' title='bbox 1680 825 1758 850; x_wconf 88' lang='lat' dir='ltr'>cum</span> <span class='ocrx_word' id='word_1_143' title='bbox 1773 813 1865 850; x_wconf 81' lang='lat' dir='ltr'>nihil</span> 
     </span>
     <span class='ocr_line' id='line_1_18' title="bbox 384 859 1866 909; baseline -0.001 -10"><span class='ocrx_word' id='word_1_144' title='bbox 384 864 562 900; x_wconf 79' lang='lat' dir='ltr'>obtineret</span> <span class='ocrx_word' id='word_1_145' title='bbox 574 888 584 902; x_wconf 86' lang='lat'>,</span> <span class='ocrx_word' id='word_1_146' title='bbox 604 873 725 909; x_wconf 84' lang='lat' dir='ltr'>preces</span> <span class='ocrx_word' id='word_1_147' title='bbox 741 860 874 896; x_wconf 87' lang='lat' dir='ltr'>obtulit</span> <span class='ocrx_word' id='word_1_148' title='bbox 887 862 988 896; x_wconf 86' lang='lat' dir='ltr'>Sacro</span> <span class='ocrx_word' id='word_1_149' title='bbox 1003 860 1084 895; x_wconf 87' lang='lat' dir='ltr'>huic</span> <span class='ocrx_word' id='word_1_150' title='bbox 1098 859 1289 895; x_wconf 86' lang='lat' dir='ltr'>Tribunali</span> <span class='ocrx_word' id='word_1_151' title='bbox 1305 887 1315 901; x_wconf 88' lang='lat'>,</span> <span class='ocrx_word' id='word_1_152' title='bbox 1341 861 1465 906; x_wconf 89' lang='lat' dir='ltr'>quibus</span> <span class='ocrx_word' id='word_1_153' title='bbox 1478 859 1666 905; x_wconf 83' lang='lat' dir='ltr'>postulabat</span> <span class='ocrx_word' id='word_1_154' title='bbox 1680 886 1691 900; x_wconf 80' lang='lat'>‚</span> <span class='ocrx_word' id='word_1_155' title='bbox 1714 872 1752 898; x_wconf 87' lang='lat' dir='ltr'>ut</span> <span class='ocrx_word' id='word_1_156' title='bbox 1767 861 1866 897; x_wconf 81' lang='lat' dir='ltr'>Leo-</span> 
     </span>
     <span class='ocr_line' id='line_1_19' title="bbox 383 907 1868 957; baseline -0.001 -12"><span class='ocrx_word' id='word_1_157' title='bbox 383 911 505 957; x_wconf 87' lang='lat' dir='ltr'>poldus</span> <span class='ocrx_word' id='word_1_158' title='bbox 519 909 688 947; x_wconf 89' lang='lat' dir='ltr'>Ficedola</span> <span class='ocrx_word' id='word_1_159' title='bbox 704 934 715 949; x_wconf 91' lang='lat'>‚</span> <span class='ocrx_word' id='word_1_160' title='bbox 741 907 865 953; x_wconf 83' lang='lat' dir='ltr'>Joseph</span> <span class='ocrx_word' id='word_1_161' title='bbox 882 907 1026 942; x_wconf 84' lang='lat' dir='ltr'>Rinaldi</span> <span class='ocrx_word' id='word_1_162' title='bbox 1042 933 1052 946; x_wconf 94' lang='lat'>,</span> <span class='ocrx_word' id='word_1_163' title='bbox 1079 907 1109 941; x_wconf 85' lang='lat'>&amp;</span> <span class='ocrx_word' id='word_1_164' title='bbox 1129 907 1322 943; x_wconf 82' lang='lat' dir='ltr'>Thaddaeus</span> <span class='ocrx_word' id='word_1_165' title='bbox 1336 907 1505 943; x_wconf 83' lang='lat' dir='ltr'>Pelliccia</span> <span class='ocrx_word' id='word_1_166' title='bbox 1523 932 1534 946; x_wconf 88' lang='lat'>‚</span> <span class='ocrx_word' id='word_1_167' title='bbox 1553 907 1609 953; x_wconf 89' lang='lat' dir='ltr'>qui</span> <span class='ocrx_word' id='word_1_168' title='bbox 1623 916 1692 943; x_wconf 82' lang='lat' dir='ltr'>tres</span> <span class='ocrx_word' id='word_1_169' title='bbox 1707 908 1782 943; x_wconf 88' lang='lat' dir='ltr'>sunt</span> <span class='ocrx_word' id='word_1_170' title='bbox 1793 909 1868 943; x_wconf 79' lang='lat' dir='ltr'>Ca-</span> 
     </span>
     <span class='ocr_line' id='line_1_20' title="bbox 384 953 1867 1002; baseline -0.002 -9"><span class='ocrx_word' id='word_1_171' title='bbox 384 954 618 994; x_wconf 74' lang='lat' dir='ltr'>nonici&#39;fimul</span> <span class='ocrx_word' id='word_1_172' title='bbox 633 984 643 997; x_wconf 92' lang='lat'>,</span> <span class='ocrx_word' id='word_1_173' title='bbox 664 958 697 991; x_wconf 72' lang='lat'>8&lt;</span> <span class='ocrx_word' id='word_1_174' title='bbox 711 954 919 1002; x_wconf 85' lang='lat' dir='ltr'>Cappellani</span> <span class='ocrx_word' id='word_1_175' title='bbox 933 954 1141 990; x_wconf 66' lang='lat' dir='ltr'>reluctantes</span> <span class='ocrx_word' id='word_1_176' title='bbox 1157 955 1362 990; x_wconf 71' lang='lat' dir='ltr'>auctoritate</span> <span class='ocrx_word' id='word_1_177' title='bbox 1375 955 1468 990; x_wconf 85' lang='lat' dir='ltr'>Sacri</span> <span class='ocrx_word' id='word_1_178' title='bbox 1484 953 1693 990; x_wconf 84' lang='lat' dir='ltr'>Tribunalis</span> <span class='ocrx_word' id='word_1_179' title='bbox 1706 956 1867 1001; x_wconf 82' lang='lat' dir='ltr'>compel-</span> 
     </span>
     <span class='ocr_line' id='line_1_21' title="bbox 388 1001 1868 1047; baseline -0.004 -4"><span class='ocrx_word' id='word_1_180' title='bbox 388 1009 540 1044; x_wconf 83' lang='lat' dir='ltr'>lerentur</span> <span class='ocrx_word' id='word_1_181' title='bbox 556 1005 600 1040; x_wconf 83' lang='lat' dir='ltr'>ad</span> <span class='ocrx_word' id='word_1_182' title='bbox 625 1003 830 1039; x_wconf 88' lang='lat' dir='ltr'>solutionem</span> <span class='ocrx_word' id='word_1_183' title='bbox 856 1011 967 1036; x_wconf 79' lang='lat' dir='ltr'>taxae.</span> <span class='ocrx_word' id='word_1_184' title='bbox 988 1001 1144 1047; x_wconf 84' lang='lat' dir='ltr'>Rogatus</span> <span class='ocrx_word' id='word_1_185' title='bbox 1167 1002 1206 1037; x_wconf 88' lang='lat' dir='ltr'>fu</span> <span class='ocrx_word' id='word_1_186' title='bbox 1226 1010 1237 1037; x_wconf 90' lang='lat' dir='ltr'>t</span> <span class='ocrx_word' id='word_1_187' title='bbox 1260 1002 1547 1038; x_wconf 84' lang='lat' dir='ltr'>Eminentiffimus</span> <span class='ocrx_word' id='word_1_188' title='bbox 1575 1002 1755 1038; x_wconf 83' lang='lat' dir='ltr'>Dominus</span> <span class='ocrx_word' id='word_1_189' title='bbox 1774 1002 1868 1037; x_wconf 86' lang='lat' dir='ltr'>Car·-</span> 
     </span>
     <span class='ocr_line' id='line_1_22' title="bbox 387 1047 1868 1097; baseline -0.003 -8"><span class='ocrx_word' id='word_1_190' title='bbox 387 1053 514 1090; x_wconf 86' lang='lat' dir='ltr'>dinalis</span> <span class='ocrx_word' id='word_1_191' title='bbox 529 1052 745 1097; x_wconf 85' lang='lat' dir='ltr'>Sacripantes</span> <span class='ocrx_word' id='word_1_192' title='bbox 758 1048 906 1090; x_wconf 80' lang='lat' dir='ltr'>eiusdem</span> <span class='ocrx_word' id='word_1_193' title='bbox 929 1047 1141 1094; x_wconf 82' lang='lat' dir='ltr'>Collegiatae</span> <span class='ocrx_word' id='word_1_194' title='bbox 1165 1049 1321 1086; x_wconf 65' lang='lat' dir='ltr'>Ecclesiae</span> <span class='ocrx_word' id='word_1_195' title='bbox 1348 1049 1567 1096; x_wconf 79' lang='lat' dir='ltr'>Apostolicus</span> <span class='ocrx_word' id='word_1_196' title='bbox 1592 1048 1762 1086; x_wconf 73' lang='lat' dir='ltr'>visitator</span> <span class='ocrx_word' id='word_1_197' title='bbox 1784 1076 1796 1090; x_wconf 91' lang='lat'>,</span> <span class='ocrx_word' id='word_1_198' title='bbox 1827 1058 1868 1085; x_wconf 73' lang='lat' dir='ltr'>ut</span> 
     </span>
     <span class='ocr_line' id='line_1_23' title="bbox 386 1094 1869 1143; baseline -0.004 -6"><span class='ocrx_word' id='word_1_199' title='bbox 386 1103 452 1137; x_wconf 85' lang='lat' dir='ltr'>hac</span> <span class='ocrx_word' id='word_1_200' title='bbox 468 1101 508 1135; x_wconf 88' lang='lat' dir='ltr'>de</span> <span class='ocrx_word' id='word_1_201' title='bbox 531 1111 566 1134; x_wconf 87' lang='lat' dir='ltr'>re</span> <span class='ocrx_word' id='word_1_202' title='bbox 583 1096 787 1133; x_wconf 79' lang='lat' dir='ltr'>sententiam</span> <span class='ocrx_word' id='word_1_203' title='bbox 801 1095 908 1131; x_wconf 83' lang='lat' dir='ltr'>animi</span> <span class='ocrx_word' id='word_1_204' title='bbox 932 1094 980 1129; x_wconf 88' lang='lat' dir='ltr'>sui</span> <span class='ocrx_word' id='word_1_205' title='bbox 996 1096 1164 1141; x_wconf 88' lang='lat' dir='ltr'>aperiret,</span> <span class='ocrx_word' id='word_1_206' title='bbox 1193 1096 1251 1142; x_wconf 87' lang='lat' dir='ltr'>qui</span> <span class='ocrx_word' id='word_1_207' title='bbox 1264 1096 1477 1132; x_wconf 87' lang='lat' dir='ltr'>disertiffima</span> <span class='ocrx_word' id='word_1_208' title='bbox 1501 1095 1653 1143; x_wconf 87' lang='lat' dir='ltr'>Epistola</span> <span class='ocrx_word' id='word_1_209' title='bbox 1671 1123 1682 1137; x_wconf 90' lang='lat'>,</span> <span class='ocrx_word' id='word_1_210' title='bbox 1706 1108 1771 1142; x_wconf 85' lang='lat' dir='ltr'>qua</span> <span class='ocrx_word' id='word_1_211' title='bbox 1788 1096 1869 1132; x_wconf 82' lang='lat' dir='ltr'>ina-</span> 
     </span>
     <span class='ocr_line' id='line_1_24' title="bbox 386 1141 1868 1190; baseline -0.004 -6"><span class='ocrx_word' id='word_1_212' title='bbox 386 1160 445 1184; x_wconf 83' lang='lat' dir='ltr'>nes</span> <span class='ocrx_word' id='word_1_213' title='bbox 471 1147 577 1183; x_wconf 79' lang='lat' dir='ltr'>trium</span> <span class='ocrx_word' id='word_1_214' title='bbox 602 1144 864 1180; x_wconf 84' lang='lat' dir='ltr'>Canonicorum</span> <span class='ocrx_word' id='word_1_215' title='bbox 889 1141 1038 1178; x_wconf 88' lang='lat' dir='ltr'>rationes</span> <span class='ocrx_word' id='word_1_216' title='bbox 1064 1144 1210 1185; x_wconf 86' lang='lat' dir='ltr'>rejecit,</span> <span class='ocrx_word' id='word_1_217' title='bbox 1235 1142 1417 1179; x_wconf 86' lang='lat' dir='ltr'>secundum</span> <span class='ocrx_word' id='word_1_218' title='bbox 1435 1143 1642 1190; x_wconf 81' lang='lat' dir='ltr'>Capitulum</span> <span class='ocrx_word' id='word_1_219' title='bbox 1661 1143 1868 1190; x_wconf 73' lang='lat' dir='ltr'>respondit,</span> 
     </span>
     <span class='ocr_line' id='line_1_25' title="bbox 385 1189 1870 1242; baseline -0.003 -9"><span class='ocrx_word' id='word_1_220' title='bbox 385 1197 579 1242; x_wconf 83' lang='lat' dir='ltr'>adjecitque</span> <span class='ocrx_word' id='word_1_221' title='bbox 593 1202 658 1229; x_wconf 88' lang='lat' dir='ltr'>tres</span> <span class='ocrx_word' id='word_1_222' title='bbox 675 1191 874 1228; x_wconf 80' lang='lat' dir='ltr'>canonicos</span> <span class='ocrx_word' id='word_1_223' title='bbox 897 1190 1003 1226; x_wconf 70' lang='lat' dir='ltr'>victos</span> <span class='ocrx_word' id='word_1_224' title='bbox 1026 1190 1218 1227; x_wconf 81' lang='lat' dir='ltr'>rationibus</span> <span class='ocrx_word' id='word_1_225' title='bbox 1233 1189 1402 1237; x_wconf 79' lang='lat' dir='ltr'>Capituli</span> <span class='ocrx_word' id='word_1_226' title='bbox 1426 1204 1491 1227; x_wconf 80' lang='lat' dir='ltr'>non</span> <span class='ocrx_word' id='word_1_227' title='bbox 1504 1193 1870 1237; x_wconf 64' lang='lat' dir='ltr'>detretlaresolutio-</span> 
     </span>
     <span class='ocr_line' id='line_1_26' title="bbox 386 1240 855 1288; baseline -0.015 -8"><span class='ocrx_word' id='word_1_228' title='bbox 386 1257 460 1280; x_wconf 82' lang='lat' dir='ltr'>nem</span> <span class='ocrx_word' id='word_1_229' title='bbox 474 1243 547 1288; x_wconf 72' lang='lat' dir='ltr'>ejus</span> <span class='ocrx_word' id='word_1_230' title='bbox 563 1267 573 1281; x_wconf 86' lang='lat'>‚</span> <span class='ocrx_word' id='word_1_231' title='bbox 601 1243 688 1288; x_wconf 74' lang='lat' dir='ltr'>quod</span> <span class='ocrx_word' id='word_1_232' title='bbox 706 1240 831 1277; x_wconf 75' lang='lat' dir='ltr'>debent</span> <span class='ocrx_word' id='word_1_233' title='bbox 844 1261 855 1274; x_wconf 88' lang='grc'><strong>.</strong></span> 
     </span>
    </p>
   </div>
   <div class='ocr_carea' id='block_1_6' title="bbox 340 1284 1867 1332">
    <p class='ocr_par' dir='ltr' id='par_1_7' title="bbox 340 1284 1867 1332">
     <span class='ocr_line' id='line_1_27' title="bbox 340 1284 1867 1332; baseline -0.005 -5"><span class='ocrx_word' id='word_1_234' title='bbox 340 1293 439 1328; x_wconf 78' lang='lat' dir='ltr'>Secus</span> <span class='ocrx_word' id='word_1_235' title='bbox 452 1298 563 1326; x_wconf 80' lang='lat' dir='ltr'>autem</span> <span class='ocrx_word' id='word_1_236' title='bbox 578 1299 631 1324; x_wconf 83' lang='lat' dir='ltr'>res</span> <span class='ocrx_word' id='word_1_237' title='bbox 645 1287 763 1322; x_wconf 85' lang='lat' dir='ltr'>evenit</span> <span class='ocrx_word' id='word_1_238' title='bbox 776 1310 787 1325; x_wconf 87' lang='lat'>,</span> <span class='ocrx_word' id='word_1_239' title='bbox 811 1297 889 1322; x_wconf 88' lang='lat' dir='ltr'>nam</span> <span class='ocrx_word' id='word_1_240' title='bbox 904 1285 1069 1321; x_wconf 83' lang='lat' dir='ltr'>Ficedola</span> <span class='ocrx_word' id='word_1_241' title='bbox 1085 1311 1096 1326; x_wconf 94' lang='lat'>‚</span> <span class='ocrx_word' id='word_1_242' title='bbox 1120 1286 1250 1332; x_wconf 84' lang='lat' dir='ltr'>aliique</span> <span class='ocrx_word' id='word_1_243' title='bbox 1273 1285 1342 1322; x_wconf 92' lang='lat' dir='ltr'>duo</span> <span class='ocrx_word' id='word_1_244' title='bbox 1364 1284 1538 1321; x_wconf 83' lang='lat' dir='ltr'>Canonici</span> <span class='ocrx_word' id='word_1_245' title='bbox 1555 1311 1566 1326; x_wconf 87' lang='lat'><strong>,</strong></span> <span class='ocrx_word' id='word_1_246' title='bbox 1591 1293 1730 1322; x_wconf 85' lang='lat' dir='ltr'>mutato</span> <span class='ocrx_word' id='word_1_247' title='bbox 1753 1284 1867 1321; x_wconf 82' lang='lat' dir='ltr'>confi-</span> 
     </span>
    </p>
   </div>
   <div class='ocr_carea' id='block_1_7' title="bbox 387 1333 1872 2176">
    <p class='ocr_par' dir='ltr' id='par_1_8' title="bbox 387 1333 1872 2176">
     <span class='ocr_line' id='line_1_28' title="bbox 388 1333 1869 1383; baseline -0.003 -9"><span class='ocrx_word' id='word_1_248' title='bbox 388 1339 437 1374; x_wconf 88' lang='lat' dir='ltr'>lio</span> <span class='ocrx_word' id='word_1_249' title='bbox 455 1366 464 1381; x_wconf 85' lang='lat'>,</span> <span class='ocrx_word' id='word_1_250' title='bbox 488 1336 702 1383; x_wconf 81' lang='lat' dir='ltr'>postularunt</span> <span class='ocrx_word' id='word_1_251' title='bbox 725 1337 843 1370; x_wconf 76' lang='lat' dir='ltr'>audiri</span> <span class='ocrx_word' id='word_1_252' title='bbox 858 1344 976 1369; x_wconf 87' lang='lat' dir='ltr'>contra</span> <span class='ocrx_word' id='word_1_253' title='bbox 994 1333 1199 1379; x_wconf 86' lang='lat' dir='ltr'>rescriptum</span> <span class='ocrx_word' id='word_1_254' title='bbox 1220 1333 1310 1369; x_wconf 87' lang='lat' dir='ltr'>Sacri</span> <span class='ocrx_word' id='word_1_255' title='bbox 1340 1333 1566 1368; x_wconf 78' lang='lat' dir='ltr'>Tribunalis:</span> <span class='ocrx_word' id='word_1_256' title='bbox 1598 1336 1783 1370; x_wconf 83' lang='lat' dir='ltr'>canonicos</span> <span class='ocrx_word' id='word_1_257' title='bbox 1808 1344 1869 1369; x_wconf 83' lang='lat' dir='ltr'>te-</span> 
     </span>
     <span class='ocr_line' id='line_1_29' title="bbox 387 1379 1870 1428; baseline -0.002 -10"><span class='ocrx_word' id='word_1_258' title='bbox 387 1399 462 1423; x_wconf 74' lang='grc' dir='ltr'>ηενι</span> <span class='ocrx_word' id='word_1_259' title='bbox 478 1387 520 1420; x_wconf 82' lang='lat' dir='ltr'>ad</span> <span class='ocrx_word' id='word_1_260' title='bbox 537 1385 744 1428; x_wconf 67' lang='lat' dir='ltr'>solutionem</span> <span class='ocrx_word' id='word_1_261' title='bbox 761 1381 954 1424; x_wconf 78' lang='lat' dir='ltr'>utenfilium</span> <span class='ocrx_word' id='word_1_262' title='bbox 983 1380 1283 1428; x_wconf 70' lang='lat' dir='ltr'>cappellaniarum</span> <span class='ocrx_word' id='word_1_263' title='bbox 1301 1404 1309 1414; x_wconf 89' lang='lat'>.</span> <span class='ocrx_word' id='word_1_264' title='bbox 1331 1380 1484 1415; x_wconf 88' lang='lat' dir='ltr'>Postulat</span> <span class='ocrx_word' id='word_1_265' title='bbox 1500 1391 1591 1415; x_wconf 89' lang='lat' dir='ltr'>nunc</span> <span class='ocrx_word' id='word_1_266' title='bbox 1617 1379 1732 1427; x_wconf 82' lang='lat' dir='ltr'>itaque</span> <span class='ocrx_word' id='word_1_267' title='bbox 1756 1380 1870 1428; x_wconf 85' lang='lat' dir='ltr'>Capi-</span> 
     </span>
     <span class='ocr_line' id='line_1_30' title="bbox 388 1427 1869 1473; baseline -0.003 -5"><span class='ocrx_word' id='word_1_268' title='bbox 388 1433 501 1468; x_wconf 80' lang='lat' dir='ltr'>tulum</span> <span class='ocrx_word' id='word_1_269' title='bbox 516 1457 526 1470; x_wconf 85' lang='lat'>,</span> <span class='ocrx_word' id='word_1_270' title='bbox 551 1440 589 1465; x_wconf 91' lang='lat' dir='ltr'>ut</span> <span class='ocrx_word' id='word_1_271' title='bbox 608 1428 835 1464; x_wconf 81' lang='lat' dir='ltr'>inconstantes</span> <span class='ocrx_word' id='word_1_272' title='bbox 859 1427 894 1461; x_wconf 86' lang='lat' dir='ltr'>hi</span> <span class='ocrx_word' id='word_1_273' title='bbox 916 1436 982 1462; x_wconf 85' lang='lat' dir='ltr'>tres</span> <span class='ocrx_word' id='word_1_274' title='bbox 1008 1428 1178 1463; x_wconf 89' lang='lat' dir='ltr'>Canonici</span> <span class='ocrx_word' id='word_1_275' title='bbox 1206 1429 1245 1463; x_wconf 89' lang='lat' dir='ltr'>ad</span> <span class='ocrx_word' id='word_1_276' title='bbox 1275 1427 1478 1463; x_wconf 87' lang='lat' dir='ltr'>solutionem</span> <span class='ocrx_word' id='word_1_277' title='bbox 1503 1427 1706 1473; x_wconf 83' lang='lat' dir='ltr'>adigantur‚·</span> <span class='ocrx_word' id='word_1_278' title='bbox 1733 1427 1869 1464; x_wconf 85' lang='lat' dir='ltr'>lndubii</span> 
     </span>
     <span class='ocr_line' id='line_1_31' title="bbox 387 1473 1870 1526; baseline -0.003 -11"><span class='ocrx_word' id='word_1_279' title='bbox 387 1490 531 1526; x_wconf 83' lang='lat' dir='ltr'>namque</span> <span class='ocrx_word' id='word_1_280' title='bbox 545 1478 633 1519; x_wconf 78' lang='lat' dir='ltr'>luris</span> <span class='ocrx_word' id='word_1_281' title='bbox 655 1475 719 1511; x_wconf 84' lang='lat' dir='ltr'>esse</span> <span class='ocrx_word' id='word_1_282' title='bbox 735 1502 744 1514; x_wconf 91' lang='lat'>,</span> <span class='ocrx_word' id='word_1_283' title='bbox 770 1485 808 1510; x_wconf 92' lang='lat' dir='ltr'>ut</span> <span class='ocrx_word' id='word_1_284' title='bbox 832 1473 1010 1510; x_wconf 77' lang='lat' dir='ltr'>Canoniei</span> <span class='ocrx_word' id='word_1_285' title='bbox 1026 1503 1037 1517; x_wconf 84' lang='lat'>,</span> <span class='ocrx_word' id='word_1_286' title='bbox 1060 1476 1117 1522; x_wconf 89' lang='lat' dir='ltr'>qui</span> <span class='ocrx_word' id='word_1_287' title='bbox 1133 1474 1377 1521; x_wconf 77' lang='lat' dir='ltr'>Cappellanias</span> <span class='ocrx_word' id='word_1_288' title='bbox 1392 1475 1519 1509; x_wconf 87' lang='lat' dir='ltr'>habent</span> <span class='ocrx_word' id='word_1_289' title='bbox 1538 1476 1574 1509; x_wconf 88' lang='lat' dir='ltr'>in</span> <span class='ocrx_word' id='word_1_290' title='bbox 1601 1473 1761 1510; x_wconf 85' lang='lat' dir='ltr'>Ecclefiis</span> <span class='ocrx_word' id='word_1_291' title='bbox 1776 1474 1870 1510; x_wconf 70' lang='lat' dir='ltr'>Col-</span> 
     </span>
     <span class='ocr_line' id='line_1_32' title="bbox 387 1521 1870 1574; baseline -0.003 -12"><span class='ocrx_word' id='word_1_292' title='bbox 387 1527 530 1574; x_wconf 83' lang='lat' dir='ltr'>legiatis</span> <span class='ocrx_word' id='word_1_293' title='bbox 544 1551 555 1565; x_wconf 94' lang='lat'>‚</span> <span class='ocrx_word' id='word_1_294' title='bbox 579 1536 659 1560; x_wconf 87' lang='lat' dir='ltr'>cum</span> <span class='ocrx_word' id='word_1_295' title='bbox 674 1523 848 1569; x_wconf 87' lang='lat' dir='ltr'>duplicem</span> <span class='ocrx_word' id='word_1_296' title='bbox 863 1521 1070 1561; x_wconf 80' lang='lat' dir='ltr'>substineant</span> <span class='ocrx_word' id='word_1_297' title='bbox 1085 1522 1258 1568; x_wconf 81' lang='lat' dir='ltr'>personam</span> <span class='ocrx_word' id='word_1_298' title='bbox 1273 1549 1283 1562; x_wconf 88' lang='lat'>,</span> <span class='ocrx_word' id='word_1_299' title='bbox 1307 1524 1339 1558; x_wconf 77' lang='grc' dir='ltr'>δι</span> <span class='ocrx_word' id='word_1_300' title='bbox 1352 1522 1479 1569; x_wconf 87' lang='lat' dir='ltr'>duplex</span> <span class='ocrx_word' id='word_1_301' title='bbox 1491 1531 1610 1568; x_wconf 80' lang='lat' dir='ltr'>gerant</span> <span class='ocrx_word' id='word_1_302' title='bbox 1623 1521 1788 1557; x_wconf 88' lang='lat' dir='ltr'>Officium</span> <span class='ocrx_word' id='word_1_303' title='bbox 1797 1522 1870 1558; x_wconf 83' lang='lat' dir='ltr'>Ca-</span> 
     </span>
     <span class='ocr_line' id='line_1_33' title="bbox 387 1568 1870 1618; baseline -0.003 -9"><span class='ocrx_word' id='word_1_304' title='bbox 387 1575 509 1611; x_wconf 72' lang='lat' dir='ltr'>nonici</span> <span class='ocrx_word' id='word_1_305' title='bbox 526 1585 645 1618; x_wconf 82' lang='lat' dir='ltr'>nempe</span> <span class='ocrx_word' id='word_1_306' title='bbox 663 1598 673 1613; x_wconf 92' lang='lat'>,</span> <span class='ocrx_word' id='word_1_307' title='bbox 703 1573 734 1607; x_wconf 73' lang='grc' dir='ltr'>δι</span> <span class='ocrx_word' id='word_1_308' title='bbox 752 1569 966 1616; x_wconf 86' lang='lat' dir='ltr'>Cappellani</span> <span class='ocrx_word' id='word_1_309' title='bbox 981 1596 991 1610; x_wconf 88' lang='lat'>,</span> <span class='ocrx_word' id='word_1_310' title='bbox 1013 1579 1198 1606; x_wconf 85' lang='lat' dir='ltr'>teneantur</span> <span class='ocrx_word' id='word_1_311' title='bbox 1225 1569 1276 1604; x_wconf 88' lang='lat' dir='ltr'>uti</span> <span class='ocrx_word' id='word_1_312' title='bbox 1291 1569 1494 1616; x_wconf 87' lang='lat' dir='ltr'>Cappellani</span> <span class='ocrx_word' id='word_1_313' title='bbox 1513 1568 1557 1604; x_wconf 88' lang='lat' dir='ltr'>ad</span> <span class='ocrx_word' id='word_1_314' title='bbox 1582 1569 1786 1604; x_wconf 72' lang='lat' dir='ltr'>solutionem</span> <span class='ocrx_word' id='word_1_315' title='bbox 1808 1578 1870 1604; x_wconf 83' lang='lat' dir='ltr'>ta-</span> 
     </span>
     <span class='ocr_line' id='line_1_34' title="bbox 388 1616 1869 1664; baseline -0.005 -5"><span class='ocrx_word' id='word_1_316' title='bbox 388 1634 438 1658; x_wconf 78' lang='lat' dir='ltr'>xae</span> <span class='ocrx_word' id='word_1_317' title='bbox 457 1650 464 1658; x_wconf 93' lang='lat'><strong>.</strong></span> <span class='ocrx_word' id='word_1_318' title='bbox 491 1622 576 1656; x_wconf 79' lang='lat' dir='ltr'>Haec</span> <span class='ocrx_word' id='word_1_319' title='bbox 591 1619 684 1655; x_wconf 86' lang='lat' dir='ltr'>enim</span> <span class='ocrx_word' id='word_1_320' title='bbox 698 1620 853 1654; x_wconf 86' lang='lat' dir='ltr'>constans</span> <span class='ocrx_word' id='word_1_321' title='bbox 875 1616 920 1653; x_wconf 89' lang='lat' dir='ltr'>est</span> <span class='ocrx_word' id='word_1_322' title='bbox 937 1644 947 1657; x_wconf 94' lang='lat'>‚</span> <span class='ocrx_word' id='word_1_323' title='bbox 973 1629 1013 1652; x_wconf 90' lang='lat' dir='ltr'>ac</span> <span class='ocrx_word' id='word_1_324' title='bbox 1028 1628 1193 1664; x_wconf 85' lang='lat' dir='ltr'>perpetua</span> <span class='ocrx_word' id='word_1_325' title='bbox 1218 1617 1309 1652; x_wconf 81' lang='lat' dir='ltr'>Sacri</span> <span class='ocrx_word' id='word_1_326' title='bbox 1324 1616 1531 1653; x_wconf 80' lang='lat' dir='ltr'>Tribunalis</span> <span class='ocrx_word' id='word_1_327' title='bbox 1549 1616 1718 1651; x_wconf 81' lang='lat' dir='ltr'>sententia</span> <span class='ocrx_word' id='word_1_328' title='bbox 1730 1642 1743 1657; x_wconf 90' lang='lat'>‚</span> <span class='ocrx_word' id='word_1_329' title='bbox 1764 1627 1869 1662; x_wconf 86' lang='lat' dir='ltr'>quam</span> 
     </span>
     <span class='ocr_line' id='line_1_35' title="bbox 388 1663 1869 1716; baseline -0.003 -12"><span class='ocrx_word' id='word_1_330' title='bbox 388 1668 587 1716; x_wconf 85' lang='lat' dir='ltr'>dignoscere</span> <span class='ocrx_word' id='word_1_331' title='bbox 612 1667 694 1703; x_wconf 89' lang='lat' dir='ltr'>licet</span> <span class='ocrx_word' id='word_1_332' title='bbox 720 1679 763 1702; x_wconf 84' lang='lat' dir='ltr'>ex</span> <span class='ocrx_word' id='word_1_333' title='bbox 788 1665 905 1702; x_wconf 84' lang='lat' dir='ltr'>Causa</span> <span class='ocrx_word' id='word_1_334' title='bbox 927 1669 1138 1701; x_wconf 73' lang='lat' dir='ltr'>Auximana</span> <span class='ocrx_word' id='word_1_335' title='bbox 1162 1664 1360 1707; x_wconf 78' lang='lat' dir='ltr'>vtenfilium</span> <span class='ocrx_word' id='word_1_336' title='bbox 1386 1674 1443 1705; x_wconf 84' lang='lat'>23.</span> <span class='ocrx_word' id='word_1_337' title='bbox 1458 1663 1641 1701; x_wconf 78' lang='lat' dir='ltr'>Februarii</span> <span class='ocrx_word' id='word_1_338' title='bbox 1667 1669 1768 1711; x_wconf 80' lang='lat'>1726.</span> <span class='ocrx_word' id='word_1_339' title='bbox 1786 1689 1797 1703; x_wconf 94' lang='lat'>‚</span> <span class='ocrx_word' id='word_1_340' title='bbox 1821 1669 1869 1700; x_wconf 76' lang='lat'>&amp;¹</span> 
     </span>
     <span class='ocr_line' id='line_1_36' title="bbox 390 1710 1870 1759; baseline -0.005 -7"><span class='ocrx_word' id='word_1_341' title='bbox 390 1720 554 1752; x_wconf 70' lang='lat' dir='ltr'>Cameria.</span> <span class='ocrx_word' id='word_1_342' title='bbox 569 1715 766 1757; x_wconf 71' lang='lat' dir='ltr'>vtenfilium</span> <span class='ocrx_word' id='word_1_343' title='bbox 780 1725 811 1756; x_wconf 84' lang='lat'>9.</span> <span class='ocrx_word' id='word_1_344' title='bbox 832 1712 1042 1759; x_wconf 82' lang='lat' dir='ltr'>Septembris</span> <span class='ocrx_word' id='word_1_345' title='bbox 1060 1721 1176 1757; x_wconf 71' lang='lat'>1741.3</span> <span class='ocrx_word' id='word_1_346' title='bbox 1202 1712 1276 1747; x_wconf 90' lang='lat' dir='ltr'>Nec</span> <span class='ocrx_word' id='word_1_347' title='bbox 1289 1712 1330 1746; x_wconf 87' lang='lat' dir='ltr'>ad</span> <span class='ocrx_word' id='word_1_348' title='bbox 1344 1722 1414 1746; x_wconf 90' lang='lat' dir='ltr'>rem</span> <span class='ocrx_word' id='word_1_349' title='bbox 1429 1710 1605 1756; x_wconf 83' lang='lat' dir='ltr'>pertinere</span> <span class='ocrx_word' id='word_1_350' title='bbox 1617 1737 1629 1752; x_wconf 85' lang='lat'><strong>,</strong></span> <span class='ocrx_word' id='word_1_351' title='bbox 1649 1711 1744 1756; x_wconf 90' lang='lat' dir='ltr'>quod</span> <span class='ocrx_word' id='word_1_352' title='bbox 1756 1720 1870 1747; x_wconf 78' lang='lat' dir='ltr'>novus</span> 
     </span>
     <span class='ocr_line' id='line_1_37' title="bbox 388 1755 1870 1809; baseline -0.003 -13"><span class='ocrx_word' id='word_1_353' title='bbox 388 1763 536 1809; x_wconf 78' lang='lat' dir='ltr'>quilibet</span> <span class='ocrx_word' id='word_1_354' title='bbox 548 1761 746 1798; x_wconf 85' lang='lat' dir='ltr'>Canonicus</span> <span class='ocrx_word' id='word_1_355' title='bbox 766 1760 880 1796; x_wconf 89' lang='lat' dir='ltr'>solvat</span> <span class='ocrx_word' id='word_1_356' title='bbox 900 1760 1058 1795; x_wconf 84' lang='lat' dir='ltr'>Sacrario</span> <span class='ocrx_word' id='word_1_357' title='bbox 1084 1757 1239 1794; x_wconf 83' lang='lat' dir='ltr'>Ecclefiae</span> <span class='ocrx_word' id='word_1_358' title='bbox 1263 1757 1426 1794; x_wconf 88' lang='lat' dir='ltr'>summam</span> <span class='ocrx_word' id='word_1_359' title='bbox 1441 1755 1486 1792; x_wconf 88' lang='lat' dir='ltr'>sc.</span> <span class='ocrx_word' id='word_1_360' title='bbox 1504 1770 1558 1800; x_wconf 83' lang='lat'>25.</span> <span class='ocrx_word' id='word_1_361' title='bbox 1572 1783 1583 1797; x_wconf 88' lang='lat'>,</span> <span class='ocrx_word' id='word_1_362' title='bbox 1608 1769 1708 1804; x_wconf 87' lang='lat' dir='ltr'>quam</span> <span class='ocrx_word' id='word_1_363' title='bbox 1726 1767 1796 1793; x_wconf 86' lang='lat' dir='ltr'>tres</span> <span class='ocrx_word' id='word_1_364' title='bbox 1810 1769 1870 1792; x_wconf 77' lang='lat' dir='ltr'>re-</span> 
     </span>
     <span class='ocr_line' id='line_1_38' title="bbox 391 1801 1868 1846; baseline -0.004 -1"><span class='ocrx_word' id='word_1_365' title='bbox 391 1812 557 1846; x_wconf 68' lang='lat' dir='ltr'>luctantes</span> <span class='ocrx_word' id='word_1_366' title='bbox 573 1808 747 1843; x_wconf 85' lang='lat' dir='ltr'>Canonici</span> <span class='ocrx_word' id='word_1_367' title='bbox 766 1806 924 1843; x_wconf 86' lang='lat' dir='ltr'>referunt</span> <span class='ocrx_word' id='word_1_368' title='bbox 941 1807 981 1841; x_wconf 90' lang='lat' dir='ltr'>ad</span> <span class='ocrx_word' id='word_1_369' title='bbox 1003 1815 1141 1845; x_wconf 81' lang='lat' dir='ltr'>taxam;</span> <span class='ocrx_word' id='word_1_370' title='bbox 1169 1817 1246 1841; x_wconf 83' lang='lat' dir='ltr'>nam</span> <span class='ocrx_word' id='word_1_371' title='bbox 1260 1805 1388 1841; x_wconf 83' lang='lat' dir='ltr'>solutio</span> <span class='ocrx_word' id='word_1_372' title='bbox 1401 1805 1465 1840; x_wconf 89' lang='lat' dir='ltr'>illa</span> <span class='ocrx_word' id='word_1_373' title='bbox 1486 1801 1526 1839; x_wconf 87' lang='lat' dir='ltr'>fit</span> <span class='ocrx_word' id='word_1_374' title='bbox 1540 1804 1575 1840; x_wconf 90' lang='lat' dir='ltr'>in</span> <span class='ocrx_word' id='word_1_375' title='bbox 1594 1805 1729 1841; x_wconf 83' lang='lat' dir='ltr'>causam</span> <span class='ocrx_word' id='word_1_376' title='bbox 1754 1804 1868 1840; x_wconf 85' lang='lat' dir='ltr'>fabri-</span> 
     </span>
     <span class='ocr_line' id='line_1_39' title="bbox 390 1852 1866 1901; baseline -0.005 -8"><span class='ocrx_word' id='word_1_377' title='bbox 390 1870 438 1892; x_wconf 79' lang='lat' dir='ltr'>cae</span> <span class='ocrx_word' id='word_1_378' title='bbox 453 1884 463 1897; x_wconf 89' lang='lat'>‚</span> <span class='ocrx_word' id='word_1_379' title='bbox 489 1867 600 1901; x_wconf 84' lang='lat' dir='ltr'>neque</span> <span class='ocrx_word' id='word_1_380' title='bbox 614 1867 691 1890; x_wconf 84' lang='lat' dir='ltr'>earn</span> <span class='ocrx_word' id='word_1_381' title='bbox 716 1856 891 1901; x_wconf 87' lang='lat' dir='ltr'>pertinere</span> <span class='ocrx_word' id='word_1_382' title='bbox 917 1856 954 1889; x_wconf 87' lang='lat' dir='ltr'>ad</span> <span class='ocrx_word' id='word_1_383' title='bbox 971 1862 1085 1888; x_wconf 85' lang='lat' dir='ltr'>taxam</span> <span class='ocrx_word' id='word_1_384' title='bbox 1109 1853 1319 1889; x_wconf 78' lang='lat' dir='ltr'>Utensilium</span> <span class='ocrx_word' id='word_1_385' title='bbox 1337 1852 1487 1899; x_wconf 85' lang='lat' dir='ltr'>dignosci</span> <span class='ocrx_word' id='word_1_386' title='bbox 1506 1863 1548 1887; x_wconf 81' lang='lat' dir='ltr'>ex</span> <span class='ocrx_word' id='word_1_387' title='bbox 1563 1852 1735 1888; x_wconf 82' lang='lat' dir='ltr'>solutione</span> <span class='ocrx_word' id='word_1_388' title='bbox 1752 1878 1764 1893; x_wconf 66' lang='lat'><em>2</em></span> <span class='ocrx_word' id='word_1_389' title='bbox 1788 1863 1866 1898; x_wconf 84' lang='lat' dir='ltr'>quae</span> 
     </span>
     <span class='ocr_line' id='line_1_40' title="bbox 391 1898 1864 1946; baseline -0.004 -6"><span class='ocrx_word' id='word_1_390' title='bbox 391 1905 430 1940; x_wconf 63' lang='lat' dir='ltr'>lit</span> <span class='ocrx_word' id='word_1_391' title='bbox 444 1917 462 1940; x_wconf 84' lang='lat' dir='ltr'>a</span> <span class='ocrx_word' id='word_1_392' title='bbox 477 1904 577 1939; x_wconf 85' lang='lat' dir='ltr'>novis</span> <span class='ocrx_word' id='word_1_393' title='bbox 600 1901 788 1937; x_wconf 85' lang='lat' dir='ltr'>Canonicis</span> <span class='ocrx_word' id='word_1_394' title='bbox 807 1929 816 1942; x_wconf 87' lang='lat'>‚</span> <span class='ocrx_word' id='word_1_395' title='bbox 839 1901 973 1938; x_wconf 78' lang='lat' dir='ltr'>etiamsi</span> <span class='ocrx_word' id='word_1_396' title='bbox 986 1901 1186 1936; x_wconf 83' lang='lat' dir='ltr'>Sacerdotes</span> <span class='ocrx_word' id='word_1_397' title='bbox 1210 1912 1278 1934; x_wconf 91' lang='lat' dir='ltr'>non</span> <span class='ocrx_word' id='word_1_398' title='bbox 1294 1899 1378 1938; x_wconf 75' lang='lat' dir='ltr'>fint5</span> <span class='ocrx_word' id='word_1_399' title='bbox 1403 1901 1576 1946; x_wconf 81' lang='lat' dir='ltr'>longeque</span> <span class='ocrx_word' id='word_1_400' title='bbox 1602 1900 1711 1935; x_wconf 87' lang='lat' dir='ltr'>minus</span> <span class='ocrx_word' id='word_1_401' title='bbox 1728 1898 1864 1939; x_wconf 82' lang='lat' dir='ltr'>obeffe,</span> 
     </span>
     <span class='ocr_line' id='line_1_41' title="bbox 393 1945 1865 1999; baseline -0.003 -14"><span class='ocrx_word' id='word_1_402' title='bbox 393 1953 486 1999; x_wconf 66' lang='lat' dir='ltr'>quod</span> <span class='ocrx_word' id='word_1_403' title='bbox 500 1950 721 1997; x_wconf 82' lang='lat' dir='ltr'>Capitulares</span> <span class='ocrx_word' id='word_1_404' title='bbox 738 1950 792 1985; x_wconf 91' lang='lat' dir='ltr'>die</span> <span class='ocrx_word' id='word_1_405' title='bbox 810 1961 842 1995; x_wconf 84' lang='lat'>3.</span> <span class='ocrx_word' id='word_1_406' title='bbox 858 1948 1004 1995; x_wconf 85' lang='lat' dir='ltr'>Augusti</span> <span class='ocrx_word' id='word_1_407' title='bbox 1026 1960 1115 1984; x_wconf 88' lang='lat' dir='ltr'>anno</span> <span class='ocrx_word' id='word_1_408' title='bbox 1135 1959 1231 1994; x_wconf 84' lang='lat'>1749.</span> <span class='ocrx_word' id='word_1_409' title='bbox 1249 1947 1440 1983; x_wconf 81' lang='lat' dir='ltr'>exemerint</span> <span class='ocrx_word' id='word_1_410' title='bbox 1455 1946 1671 1984; x_wconf 82' lang='lat' dir='ltr'>Canonicum</span> <span class='ocrx_word' id='word_1_411' title='bbox 1695 1945 1865 1981; x_wconf 79' lang='lat' dir='ltr'>Rainaldi</span> 
     </span>
     <span class='ocr_line' id='line_1_42' title="bbox 392 1993 1865 2045; baseline -0.004 -12"><span class='ocrx_word' id='word_1_412' title='bbox 392 2011 496 2034; x_wconf 84' lang='lat' dir='ltr'>unum</span> <span class='ocrx_word' id='word_1_413' title='bbox 513 2011 554 2032; x_wconf 85' lang='lat' dir='ltr'>ex</span> <span class='ocrx_word' id='word_1_414' title='bbox 569 1996 796 2045; x_wconf 83' lang='lat' dir='ltr'>Cappellanis</span> <span class='ocrx_word' id='word_1_415' title='bbox 810 2008 829 2030; x_wconf 85' lang='lat' dir='ltr'>a</span> <span class='ocrx_word' id='word_1_416' title='bbox 858 1997 1030 2032; x_wconf 87' lang='lat' dir='ltr'>solutione</span> <span class='ocrx_word' id='word_1_417' title='bbox 1049 2005 1159 2032; x_wconf 80' lang='lat' dir='ltr'>taxae=</span> <span class='ocrx_word' id='word_1_418' title='bbox 1184 1995 1314 2030; x_wconf 85' lang='lat' dir='ltr'>nullam</span> <span class='ocrx_word' id='word_1_419' title='bbox 1327 1995 1418 2030; x_wconf 87' lang='lat' dir='ltr'>enim</span> <span class='ocrx_word' id='word_1_420' title='bbox 1431 1993 1496 2030; x_wconf 83' lang='lat' dir='ltr'>effe</span> <span class='ocrx_word' id='word_1_421' title='bbox 1508 2019 1518 2034; x_wconf 86' lang='lat'><strong>,</strong></span> <span class='ocrx_word' id='word_1_422' title='bbox 1542 1996 1574 2029; x_wconf 84' lang='lat'>&amp;</span> <span class='ocrx_word' id='word_1_423' title='bbox 1596 1993 1752 2036; x_wconf 86' lang='lat' dir='ltr'>iniustam</span> <span class='ocrx_word' id='word_1_424' title='bbox 1778 1994 1865 2028; x_wconf 80' lang='lat' dir='ltr'>hanc</span> 
     </span>
     <span class='ocr_line' id='line_1_43' title="bbox 392 2040 1872 2092; baseline -0.005 -11"><span class='ocrx_word' id='word_1_425' title='bbox 392 2046 553 2092; x_wconf 83' lang='lat' dir='ltr'>Capituli</span> <span class='ocrx_word' id='word_1_426' title='bbox 569 2045 818 2091; x_wconf 81' lang='lat' dir='ltr'>indulgentiam</span> <span class='ocrx_word' id='word_1_427' title='bbox 841 2045 1051 2080; x_wconf 82' lang='lat' dir='ltr'>demonstrat</span> <span class='ocrx_word' id='word_1_428' title='bbox 1078 2042 1361 2078; x_wconf 77' lang='lat' dir='ltr'>Eminentissimus</span> <span class='ocrx_word' id='word_1_429' title='bbox 1386 2041 1652 2079; x_wconf 81' lang='lat' dir='ltr'>D.Cardinalis</span> <span class='ocrx_word' id='word_1_430' title='bbox 1675 2040 1872 2080; x_wconf 66' lang='lat' dir='ltr'>visitator,</span> 
     </span>
     <span class='ocr_line' id='line_1_44' title="bbox 393 2087 1863 2138; baseline -0.002 -10"><span class='ocrx_word' id='word_1_431' title='bbox 393 2095 424 2129; x_wconf 77' lang='grc' dir='ltr'>δι</span> <span class='ocrx_word' id='word_1_432' title='bbox 457 2093 659 2138; x_wconf 83' lang='lat' dir='ltr'>Capitulum</span> <span class='ocrx_word' id='word_1_433' title='bbox 683 2091 720 2126; x_wconf 94' lang='lat' dir='ltr'>in</span> <span class='ocrx_word' id='word_1_434' title='bbox 746 2091 806 2127; x_wconf 91' lang='lat' dir='ltr'>suo</span> <span class='ocrx_word' id='word_1_435' title='bbox 829 2091 976 2127; x_wconf 90' lang='lat' dir='ltr'>libello.</span> <span class='ocrx_word' id='word_1_436' title='bbox 999 2095 1034 2127; x_wconf 88' lang='lat' dir='ltr'>A</span> <span class='ocrx_word' id='word_1_437' title='bbox 1054 2091 1166 2126; x_wconf 84' lang='lat' dir='ltr'>tribus</span> <span class='ocrx_word' id='word_1_438' title='bbox 1189 2090 1376 2126; x_wconf 84' lang='lat' dir='ltr'>Canonicis</span> <span class='ocrx_word' id='word_1_439' title='bbox 1404 2089 1496 2126; x_wconf 86' lang='lat' dir='ltr'>nihil</span> <span class='ocrx_word' id='word_1_440' title='bbox 1523 2088 1631 2125; x_wconf 77' lang='lat' dir='ltr'>adhuc</span> <span class='ocrx_word' id='word_1_441' title='bbox 1658 2087 1863 2125; x_wconf 83' lang='lat' dir='ltr'>habuimus.</span> 
     </span>
     <span class='ocr_line' id='line_1_45' title="bbox 394 2139 774 2176; baseline -0.008 0"><span class='ocrx_word' id='word_1_442' title='bbox 394 2141 555 2176; x_wconf 84' lang='lat' dir='ltr'>Dubium</span> <span class='ocrx_word' id='word_1_443' title='bbox 580 2139 688 2175; x_wconf 76' lang='lat' dir='ltr'>causae</span> <span class='ocrx_word' id='word_1_444' title='bbox 703 2139 750 2175; x_wconf 90' lang='lat' dir='ltr'>est</span> <span class='ocrx_word' id='word_1_445' title='bbox 765 2163 774 2172; x_wconf 92' lang='lat'>.</span> 
     </span>
    </p>
   </div>
   <div class='ocr_carea' id='block_1_8' title="bbox 347 2185 1861 2236">
    <p class='ocr_par' dir='ltr' id='par_1_9' title="bbox 347 2185 1861 2236">
     <span class='ocr_line' id='line_1_46' title="bbox 347 2185 1861 2236; baseline -0.003 -12"><span class='ocrx_word' id='word_1_446' title='bbox 347 2195 405 2224; x_wconf 68' lang='lat' dir='ltr'>An</span> <span class='ocrx_word' id='word_1_447' title='bbox 413 2198 479 2236; x_wconf 84' lang='lat' dir='ltr'>pro</span> <span class='ocrx_word' id='word_1_448' title='bbox 508 2189 738 2234; x_wconf 59' lang='lat' dir='ltr'>cappellanus</span> <span class='ocrx_word' id='word_1_449' title='bbox 753 2200 827 2223; x_wconf 77' lang='lat' dir='ltr'>cum</span> <span class='ocrx_word' id='word_1_450' title='bbox 843 2201 943 2225; x_wconf 83' lang='lat' dir='ltr'>onere</span> <span class='ocrx_word' id='word_1_451' title='bbox 968 2186 1296 2234; x_wconf 70' lang='lat' dir='ltr'>Miffarumpoffiffis</span> <span class='ocrx_word' id='word_1_452' title='bbox 1310 2188 1417 2223; x_wconf 80' lang='lat' dir='ltr'>etiam</span> <span class='ocrx_word' id='word_1_453' title='bbox 1429 2197 1450 2220; x_wconf 83' lang='lat' dir='ltr'>a</span> <span class='ocrx_word' id='word_1_454' title='bbox 1467 2185 1641 2221; x_wconf 76' lang='lat' dir='ltr'>canonicis</span> <span class='ocrx_word' id='word_1_455' title='bbox 1657 2208 1670 2224; x_wconf 86' lang='lat'>,</span> <span class='ocrx_word' id='word_1_456' title='bbox 1693 2185 1861 2222; x_wconf 73' lang='lat' dir='ltr'>Sacrario</span> 
     </span>
    </p>
   </div>
   <div class='ocr_carea' id='block_1_9' title="bbox 393 2235 1285 2281">
    <p class='ocr_par' dir='ltr' id='par_1_10' title="bbox 393 2235 1285 2281">
     <span class='ocr_line' id='line_1_47' title="bbox 393 2235 1285 2281; baseline -0.002 -10"><span class='ocrx_word' id='word_1_457' title='bbox 393 2235 546 2279; x_wconf 81' lang='lat' dir='ltr'>Ecclefiae</span> <span class='ocrx_word' id='word_1_458' title='bbox 560 2235 863 2280; x_wconf 78' lang='lat' dir='ltr'>debeantursolita</span> <span class='ocrx_word' id='word_1_459' title='bbox 887 2235 1048 2279; x_wconf 75' lang='lat' dir='ltr'>vtenfilia</span> <span class='ocrx_word' id='word_1_460' title='bbox 1060 2238 1097 2272; x_wconf 84' lang='lat' dir='ltr'>in</span> <span class='ocrx_word' id='word_1_461' title='bbox 1117 2236 1195 2281; x_wconf 81' lang='lat' dir='ltr'>casu</span> <span class='ocrx_word' id='word_1_462' title='bbox 1210 2239 1285 2272; x_wconf 55' lang='lat' dir='ltr'>&amp;a</span> 
     </span>
    </p>
   </div>
   <div class='ocr_carea' id='block_1_10' title="bbox 442 2329 1558 2522">
    <p class='ocr_par' dir='ltr' id='par_1_11' title="bbox 442 2329 1558 2522">
     <span class='ocr_line' id='line_1_48' title="bbox 442 2329 691 2366; baseline 0 0"><span class='ocrx_word' id='word_1_463' title='bbox 442 2329 664 2366; x_wconf 75' lang='lat' dir='ltr'>Affirmative</span> <span class='ocrx_word' id='word_1_464' title='bbox 678 2352 691 2366; x_wconf 78' lang='grc'><strong>.</strong></span> 
     </span>
     <span class='ocr_line' id='line_1_49' title="bbox 651 2438 1558 2522; baseline -0.001 -17"><span class='ocrx_word' id='word_1_465' title='bbox 651 2440 769 2507; x_wconf 88' lang='lat' dir='ltr'>Die</span> <span class='ocrx_word' id='word_1_466' title='bbox 789 2441 1072 2508; x_wconf 84' lang='lat' dir='ltr'>Sabbathi</span> <span class='ocrx_word' id='word_1_467' title='bbox 1096 2462 1126 2522; x_wconf 83' lang='lat'><em>3</em></span> <span class='ocrx_word' id='word_1_468' title='bbox 1147 2463 1165 2504; x_wconf 87' lang='lat'>1</span> <span class='ocrx_word' id='word_1_469' title='bbox 1183 2438 1342 2520; x_wconf 81' lang='lat' dir='ltr'>‚Julii</span> <span class='ocrx_word' id='word_1_470' title='bbox 1374 2461 1396 2503; x_wconf 91' lang='lat'>1</span> <span class='ocrx_word' id='word_1_471' title='bbox 1411 2457 1486 2521; x_wconf 82' lang='lat'>75</span> <span class='ocrx_word' id='word_1_472' title='bbox 1507 2463 1528 2503; x_wconf 87' lang='lat'>1</span> <span class='ocrx_word' id='word_1_473' title='bbox 1542 2490 1558 2505; x_wconf 91' lang='lat'><strong>.</strong></span> 
     </span>
    </p>
   </div>
   <div class='ocr_carea' id='block_1_11' title="bbox 399 2609 1860 2847">
    <p class='ocr_par' dir='ltr' id='par_1_12' title="bbox 460 2609 1856 2658">
     <span class='ocr_line' id='line_1_50' title="bbox 460 2609 1856 2658; baseline -0.002 -7"><span class='ocrx_word' id='word_1_474' title='bbox 460 2616 660 2652; x_wconf 84' lang='lat' dir='ltr'><strong>OLANA:</strong></span> <span class='ocrx_word' id='word_1_475' title='bbox 688 2614 821 2652; x_wconf 78' lang='lat' dir='ltr'>Placuit</span> <span class='ocrx_word' id='word_1_476' title='bbox 843 2615 1119 2652; x_wconf 86' lang='lat' dir='ltr'>Eminentiffimis</span> <span class='ocrx_word' id='word_1_477' title='bbox 1147 2615 1310 2650; x_wconf 78' lang='lat' dir='ltr'>Patribus</span> <span class='ocrx_word' id='word_1_478' title='bbox 1326 2616 1539 2651; x_wconf 78' lang='lat' dir='ltr'>Dilatt&#39;onem</span> <span class='ocrx_word' id='word_1_479' title='bbox 1563 2618 1701 2658; x_wconf 78' lang='lat' dir='ltr'>petente</span> <span class='ocrx_word' id='word_1_480' title='bbox 1716 2609 1856 2648; x_wconf 72' lang='lat' dir='ltr'>Thema</span> 
     </span>
    </p>

    <p class='ocr_par' dir='ltr' id='par_1_13' title="bbox 473 2657 1856 2709">
     <span class='ocr_line' id='line_1_51' title="bbox 473 2657 1856 2709; baseline -0.002 -12"><span class='ocrx_word' id='word_1_481' title='bbox 473 2663 627 2699; x_wconf 88' lang='lat' dir='ltr'>Cortone</span> <span class='ocrx_word' id='word_1_482' title='bbox 642 2663 955 2709; x_wconf 82' lang='lat' dir='ltr'>Archipresbytero</span> <span class='ocrx_word' id='word_1_483' title='bbox 980 2662 1189 2699; x_wconf 80' lang='lat' dir='ltr'>Parochialis</span> <span class='ocrx_word' id='word_1_484' title='bbox 1203 2662 1356 2698; x_wconf 80' lang='lat' dir='ltr'>Ecclefiae</span> <span class='ocrx_word' id='word_1_485' title='bbox 1368 2663 1400 2697; x_wconf 93' lang='lat' dir='ltr'>S.</span> <span class='ocrx_word' id='word_1_486' title='bbox 1417 2658 1510 2696; x_wconf 85' lang='lat' dir='ltr'>Petri</span> <span class='ocrx_word' id='word_1_487' title='bbox 1535 2660 1579 2693; x_wconf 86' lang='lat' dir='ltr'>ad</span> <span class='ocrx_word' id='word_1_488' title='bbox 1603 2657 1770 2694; x_wconf 80' lang='lat' dir='ltr'>Scafatum</span> <span class='ocrx_word' id='word_1_489' title='bbox 1786 2684 1796 2698; x_wconf 87' lang='lat'>,</span> <span class='ocrx_word' id='word_1_490' title='bbox 1823 2660 1856 2694; x_wconf 84' lang='lat'>&amp;</span> 
     </span>
    </p>

    <p class='ocr_par' dir='ltr' id='par_1_14' title="bbox 399 2705 1856 2758">
     <span class='ocr_line' id='line_1_52' title="bbox 399 2705 1856 2758; baseline -0.003 -13"><span class='ocrx_word' id='word_1_491' title='bbox 399 2710 559 2745; x_wconf 80' lang='lat' dir='ltr'>veniente</span> <span class='ocrx_word' id='word_1_492' title='bbox 577 2711 616 2743; x_wconf 87' lang='lat' dir='ltr'>ad</span> <span class='ocrx_word' id='word_1_493' title='bbox 633 2710 782 2744; x_wconf 79' lang='lat' dir='ltr'>Causam</span> <span class='ocrx_word' id='word_1_494' title='bbox 806 2709 980 2758; x_wconf 84' lang='lat' dir='ltr'>Episcopo</span> <span class='ocrx_word' id='word_1_495' title='bbox 1006 2709 1195 2750; x_wconf 83' lang='lat' dir='ltr'>Literenfi,</span> <span class='ocrx_word' id='word_1_496' title='bbox 1219 2710 1403 2745; x_wconf 86' lang='lat' dir='ltr'>rescribere</span> <span class='ocrx_word' id='word_1_497' title='bbox 1419 2709 1454 2744; x_wconf 87' lang='lat' dir='ltr'>in</span> <span class='ocrx_word' id='word_1_498' title='bbox 1477 2707 1540 2741; x_wconf 85' lang='lat' dir='ltr'>hac</span> <span class='ocrx_word' id='word_1_499' title='bbox 1556 2705 1666 2741; x_wconf 86' lang='lat' dir='ltr'>Causa</span> <span class='ocrx_word' id='word_1_500' title='bbox 1684 2725 1709 2731; x_wconf 90' lang='lat'>——</span> <span class='ocrx_word' id='word_1_501' title='bbox 1731 2707 1856 2742; x_wconf 51' lang='lat' dir='ltr'>Dilata</span> 
     </span>
    </p>

    <p class='ocr_par' dir='ltr' id='par_1_15' title="bbox 402 2753 1860 2847">
     <span class='ocr_line' id='line_1_53' title="bbox 402 2753 1860 2807; baseline -0.003 -15"><span class='ocrx_word' id='word_1_502' title='bbox 402 2760 443 2794; x_wconf 77' lang='lat' dir='ltr'>ad</span> <span class='ocrx_word' id='word_1_503' title='bbox 462 2763 611 2807; x_wconf 66' lang='lat' dir='ltr'>primam</span> <span class='ocrx_word' id='word_1_504' title='bbox 630 2757 701 2804; x_wconf 73' lang='lat' dir='ltr'>post</span> <span class='ocrx_word' id='word_1_505' title='bbox 716 2761 912 2803; x_wconf 76' lang='lat' dir='ltr'>proxImam</span> <span class='ocrx_word' id='word_1_506' title='bbox 936 2760 971 2793; x_wconf 89' lang='lat' dir='ltr'>in</span> <span class='ocrx_word' id='word_1_507' title='bbox 989 2762 1254 2805; x_wconf 68' lang='lat' dir='ltr'>congregatione</span> <span class='ocrx_word' id='word_1_508' title='bbox 1280 2757 1396 2792; x_wconf 85' lang='lat' dir='ltr'>habita</span> <span class='ocrx_word' id='word_1_509' title='bbox 1416 2757 1466 2792; x_wconf 84' lang='lat' dir='ltr'>die</span> <span class='ocrx_word' id='word_1_510' title='bbox 1488 2764 1545 2796; x_wconf 77' lang='lat'>19.</span> <span class='ocrx_word' id='word_1_511' title='bbox 1562 2753 1718 2790; x_wconf 65' lang='lat' dir='ltr'>transacti</span> <span class='ocrx_word' id='word_1_512' title='bbox 1743 2753 1860 2795; x_wconf 25' lang='lat' dir='ltr'>mendis·</span> 
     </span>
     <span class='ocr_line' id='line_1_54' title="bbox 1679 2802 1814 2847; baseline -0.007 -11"><span class='ocrx_word' id='word_1_513' title='bbox 1679 2802 1785 2847; x_wconf 59' lang='lat' dir='ltr'>‘’Junii</span> <span class='ocrx_word' id='word_1_514' title='bbox 1801 2811 1814 2836; x_wconf 60' lang='lat' dir='ltr'>a</span> 
     </span>
    </p>
   </div>
  </div>
 </body>
</html>
