1977 3028
1556 172 1563 193 1

243 207 426 258 quuqsiefit
445 216 485 262 Γᾷ*
493 206 748 251 τετεηᾱιζθῖιηης
762 207 1025 254 D.Idelphonsus
1040 208 1097 243 del
1108 207 1188 250 Taso
1201 207 1282 241 olim
1297 207 1477 254 Episcopus
1490 161 1573 257 ΗΞ·-

246 271 361 295 racen.
375 258 629 300 adsocxttt'onem
647 254 797 289 aliorum
811 255 1010 290 ducatorum
1029 265 1039 287 ι
1053 259 1132 294 536.
1149 253 1190 288 ab
1205 267 1241 290 eo
1255 253 1448 291 debitorum
1465 267 1569 303 wgo-

240 318 277 341 γε
287 305 452 350 schedttlae
466 303 640 341 exhsratae
653 303 707 338 die
724 308 776 345 ις.
793 302 937 349 Aprt'lis
953 309 1050 353 ‹730.
1063 304 1097 336 in
1111 300 1188 345 casu
1203 306 1277 339 &a

147 399 272 436 Dilata
286 399 325 434 ad
337 398 485 447 primam
502 397 576 446 post
601 396 743 433 Cineres
757 419 769 437 .,

119 497 151 554 Τ
166 494 366 531 EPESINA
391 490 783 531 CANONICATUS:
811 493 932 529 Preces
946 491 1075 529 obtulit
1099 493 1300 530 Sodalitium
1315 495 1426 530 saneti
1447 495 1567 531 Geor·
1625 493 1806 538 sess-mm.
1825 508 1876 533 12.

176 544 231 589 gei
253 540 420 578 Civitatis
437 540 583 587 Nepetis
600 552 689 576 anno
706 546 809 576 l622.
822 540 989 587 Capitulo
1008 569 1017 582 ‚
1047 542 1078 576 &
1097 543 1283 577 Canonicis
1310 542 1468 578 Ecclefiae
1492 544 1568 578 Ca·
1600 541 1639 576 de
1655 542 1726 586 Ref-

101 590 265 627 thedralis
276 589 422 633 eiusdem
436 587 602 625 Civitatis
616 601 639 629 ‚·
651 587 772 635 quibus
786 587 979 635 postulabat
990 614 1000 628 ,
1025 598 1062 624 ut
1077 589 1275 625 consensum
1290 590 1480 635 praestarent
1492 600 1568 624 ere-

101 637 202 675 ffioni
220 638 450 673 Canonicatus
469 662 480 675 ‚
505 647 605 682 quem
620 637 676 672 sua
701 636 844 681 pecunia
858 635 1060 671 Sodalitium
1077 637 1111 672 in
1128 638 1246 671 eadem
1262 637 1467 673 Cathedrali
1485 636 1568 673 fun-

102 686 182 722 dare
196 684 435 732 proposuerat.
462 682 669 720 Consensum
684 682 869 730 praestitere
881 683 1056 721 Canonici
1071 711 1081 724 ,
1104 685 1257 730 pluribus
1283 685 1417 727 adjessis
1440 686 1567 721 condi-

102 733 256 770 tionibus
269 758 280 772 ,
305 743 386 781 quas
400 731 491 767 inter
514 731 585 771 haec
601 731 667 768 suit
680 758 691 772 ,
716 739 753 766 ut
770 757 780 770 ,
805 731 862 778 qui
882 731 1134 767 Canonicatum
1150 732 1239 768 hunc
1252 731 1453 768 obtinerent
1468 760 1478 773 ‚
1505 746 1568 770 nen

89 782 363 829 participarent*
375 781 415 816 de
429 779 591 815 oneribus
607 806 617 820 ,
643 784 686 817 &⁴
703 779 911 829 honoribus,
939 780 1128 816 redditibus
1141 806 1152 820 ,
1175 785 1218 816 &⁹
1229 781 1464 827 proventibus
1481 786 1568 827 Cap-

91 829 269 877 pellarum
290 837 355 874 per
384 830 565 862 eanonicos
588 825 807 873 officiatarum
826 853 836 866 ‚
861 828 921 870 71ch
944 836 1043 864 erunt
1061 829 1262 864 Sacerdotes
1278 854 1288 867 ‚
1315 834 1359 865 φ’
1375 830 1453 863 aaa
1476 830 1567 863 cele·-

98 874 246 912 brabant
258 897 270 909 .
298 875 396 909 Fassa
410 871 475 908 fuit
503 873 579 908 inde
595 873 753 909 fundatio
782 878 883 909 nnius
910 874 1099 911 'Praebendtc
1126 877 1338 910 canonicalis
1366 883 1400 912 S.
1421 879 1569 922 Geni-gei

98 931 291 971 nuncupan.
303 945 314 960 ‚
336 933 407 965 φιτ
423 924 530 956 etiam
547 923 781 958 sacerdotalis
797 919 854 966 effe
874 920 997 956 debeat
1015 947 1025 959 ,
1049 926 1092 959 e&
1119 934 1181 957 non
1196 923 1288 956 alias
1303 945 1311 958 ‚
1338 924 1447 958 aliter
1463 949 1472 962 ‚
1507 937 1567 958 nec

98 971 170 1007 alio'
185 970 278 1011 modo
294 995 302 1003 .
328 968 384 1010 Jus
397 967 607 1005 patronatus,
619 966 677 1005 fibi
696 966 875 1005 servarunt
891 967 1028 1002 Sodales
1040 993 1052 1007 ‚
1074 968 1132 1015 qui
1149 968 1189 1003 ad
1205 969 1274 1005 haec
1289 968 1393 1015 usque
1409 979 1566 1015 tempora

81 1017 320 1053 ’nominarunt
335 1015 460 1050 Civem
479 1013 650 1061 aliquem,
681 1015 740 1064 qui
769 1014 827 1050 vel
841 1014 963 1050 habitu
977 1042 986 1055 ,
1013 1015 1071 1050 vel
1088 1017 1163 1050 actu
1177 1016 1343 1051 Sacerdos
1361 1016 1441 1052 effer
1458 1030 1469 1055 ;
1496 1019 1567 1054 Po-

96 1062 230 1102 stremis
243 1064 334 1097 enim
357 1061 488 1098 duabus
504 1063 742 1099 vacationibus
762 1061 954 1108 praesentatl
970 1064 1108 1097 fuerunt
1123 1090 1132 1101 ,
1158 1063 1188 1097 &
1205 1062 1460 1100 canonicatum
1472 1064 1566 1099 obti-

96 1121 245 1149 nuerunt
261 1110 459 1156 Propertius
474 1108 658 1146 Galeottus
670 1135 682 1150 ,
709 1112 741 1147 δι
763 1109 918 1155 Angelus
934 1109 1131 1144 Mancinius
1149 1135 1159 1148 ,
1186 1110 1245 1155 qui
1261 1109 1393 1146 Clerici
1418 1121 1514 1146 erant
1529 1112 1565 1146 in

96 1159 295 1196 Minoribus
311 1157 497 1193 Ordinibus
513 1155 712 1194 constituti.
741 1157 873 1191 Vacato
887 1166 998 1190 morte
1012 1157 1180 1191 Mancinii
1194 1156 1253 1191 die
1265 1168 1295 1191 1.
1309 1159 1442 1204 Aprilis
1460 1159 1565 1202 hujus

95 1207 178 1243 anni
195 1205 413 1242 Canonicatu
429 1231 438 1244 ,
463 1206 525 1240 vix
543 1204 664 1252 elapfis
679 1205 734 1240 sex
748 1204 864 1239 diebus
877 1230 890 1243 ‚
915 1204 1013 1238 Prior
1025 1203 1189 1239 Sodalitii
1205 1216 1272 1239 non
1286 1231 1296 1244 ,
1321 1217 1359 1240 ut
1372 1208 1475 1242 moris
1489 1205 1560 1247 est.

95 1254 133 1291 in
156 1252 343 1292 Oratorio,
365 1252 468 1287 sedin
491 1251 623 1288 Palatio
638 1251 828 1299 Episcopali
843 1278 852 1290 ‚
877 1251 951 1296 ipso
968 1252 1015 1286 ita
1031 1252 1169 1295 jubente
1195 1251 1364 1299 Episcopo
1378 1279 1389 1293 ,
1415 1254 1561 1290 Sodales

95 1302 240 1338 vocavit
255 1326 265 1340 ,
291 1308 329 1334 ut
343 1311 458 1335 coram
488 1299 559 1346 ipso
572 1299 738 1348 Episcopo
759 1299 899 1334 comitia
918 1300 1146 1334 haberentur:
1177 1300 1301 1344 quibus
1326 1313 1454 1337 novum
1484 1301 1561 1336 Ca-

95 1349 257 1385 nonicum
271 1348 488 1381 nominarent
503 1374 511 1382 .
539 1346 677 1383 Coactis
697 1348 806 1395 igitur
819 1358 930 1382 coram
948 1347 1110 1393 Episcopo
1133 1345 1315 1382 Sodalibus
1328 1350 1381 1383 die
1395 1359 1418 1395 7
1445 1349 1559 1394 Apri-

94 1395 166 1438 lis,
192 1395 312 1431 ledum
335 1396 446 1440 primo
470 1392 537 1429 fuit
563 1393 823 1431 instrumentum
854 1393 1065 1429 fundationis
1087 1394 1323 1430 Canonicatus
1342 1420 1353 1434 ,
1379 1396 1560 1431 disserente

93 1441 266 1491 Episcopo
277 1443 392 1477 datam
407 1442 440 1477 in
455 1453 495 1477 eo
509 1440 605 1477 fuiffe
633 1442 769 1491 legem,
797 1452 833 1477 ut
861 1441 1055 1477 Canonicus
1076 1442 1304 1478 nominandus
1333 1443 1470 1478 deberet
1495 1443 1560 1480 esse

95 1493 172 1526 actu
187 1490 352 1526 Sacerdos
366 1515 377 1529 ,
403 1488 484 1525 inde
507 1490 633 1531 rejectae
648 1491 784 1528 fuerunt
798 1492 840 1526 ab
854 1491 971 1525 eodem
988 1490 1157 1537 Episcopo
1174 1489 1288 1535 plures
1302 1501 1418 1534 preces
1433 1491 1559 1527 oblatae

95 1549 116 1573 a
130 1537 280 1573 Clericis
294 1560 305 1575 ‚
328 1537 449 1583 quibus
458 1536 673 1583 postulabant
688 1553 706 1576 a
730 1537 911 1575 Sodalibus
928 1539 1194 1573 nominationem
1212 1562 1222 1572 .
1248 1537 1379 1573 Contra
1394 1539 1480 1573 hanc
1501 1550 1556 1573 re-

91 1584 271 1628 jefflonem
287 1583 516 1621 Ferdinandus
541 1585 787 1625 Mancinellius
813 1598 898 1624 unus
915 1599 933 1622 e
956 1586 1133 1622 Sodalibus
1158 1585 1441 1634 protestationem
1463 1588 1557 1621 emi-

92 1630 133 1666 fit
146 1659 156 1672 ,
181 1631 239 1667 sed
251 1644 326 1668 eam
339 1631 462 1674 reiecit
478 1632 662 1682 Episcopus
679 1646 855 1685 tamquam
879 1638 1087 1674 contrariam
1107 1635 1325 1680 fundationi.
1354 1639 1398 1672 ἅ*
1413 1637 1557 1670 manda—

93 1683 152 1716 vit
162 1682 306 1728 procedi
319 1683 362 1715 ad
375 1681 546 1716 ulteriora
565 1684 600 1720 in
618 1683 863 1721 hallobssatione
879 1686 1097 1722 Sacerdotum
1113 1706 1124 1718 ο

46 1723 146 1762 Latis
171 1724 335 1774 suffragiis
348 1753 358 1767 ‚
381 1726 504 1774 repulsi
520 1727 688 1767 fuerunta
711 1731 889 1768 Sodalibus
904 1733 970 1768 duo
988 1758 998 1772 ‚
1030 1734 1086 1779 qui
1106 1731 1271 1780 propositi
1296 1730 1438 1768 fuerunt
1451 1758 1462 1772 ,
1487 1731 1556 1766 Sa·

92 1775 243 1810 cerdotes
255 1775 373 1811 Petrus
388 1800 399 1815 ,
424 1775 456 1810 &
477 1775 681 1815 Dominicus
704 1777 837 1815 Guidi.
868 1779 974 1817 Tunc
1000 1780 1180 1827 Episcopus
1192 1779 1253 1826 sub
1263 1785 1374 1828 poem's
1399 1780 1552 1816 arbitrio

92 1827 168 1860 &a
183 1824 365 1859 mandavit
377 1829 543 1860 neminem
557 1837 602 1862 ex
618 1827 851 1871 confratribus
867 1830 1034 1872 discedere
1052 1829 1173 1866 debere
1187 1854 1198 1867 ‚
1220 1833 1263 1864 &⁴
1282 1829 1400 1871 iisdem
1413 1829 1512 1864 indul
1536 1835 1553 1861 t

92 1871 166 1914 ‘Jus
178 1869 617 1918 balloczandiprosecunda
630 1898 640 1913 ,
661 1878 704 1910 ὠ*
719 1877 830 1910 tertia
843 1878 920 1911 vice
935 1901 945 1915 ‚
971 1875 1095 1921 quibus
1111 1878 1179 1910 rite
1197 1874 1362 1916 absalatis
1379 1900 1390 1913 ,
1409 1874 1470 1919 jus
1485 1888 1501 1909 e
1522 1888 1552 1909 1—

87 1918 193 1964 gendi
207 1918 294 1961 adse
315 1918 516 1970 devoratum
532 1917 590 1964 effi:
601 1920 794 1957 declaravit
807 1945 816 1955 .
846 1922 1008 1966 Propositi
1026 1921 1165 1956 fuerunt
1180 1920 1240 1954 alii
1256 1921 1322 1954 duo
1347 1920 1552 1956 Sacerdotes

93 1961 268 2004 absentes,
287 1963 386 1999 ambo
401 1963 521 2001 melu-fi
536 1965 674 2003 fuerunt
688 1994 696 2006 ,
721 1967 777 2005 sed
790 1969 1056 2005 nominationem
1069 1967 1218 2003 obtinuit
1237 1968 1445 2013 Augustinus
1465 1970 1552 2002 Fan—

92 2015 257 2051 t'aronus,
280 2011 338 2056 qui
353 2011 516 2054 majorem
540 2009 774 2063 suffragiorum
798 2028 976 2052 numerum
995 2017 1181 2052 retulerat.
1212 2015 1275 2049 His
1302 2016 1350 2049 ita
1381 2017 1521 2060 peractis
1541 2042 1553 2054 ,

94 2059 204 2111 maior
219 2069 301 2106 pars
315 2059 490 2096 Sodalium
504 2063 544 2097 ad
559 2061 622 2097 hoc
637 2065 774 2100 Sacrum
788 2063 964 2100 Tribunal
982 2065 1080 2099 venit
1098 2090 1107 2103 ,
1132 2062 1375 2098 contendentes
1391 2064 1551 2097 nomina—

93 2112 224 2141 tionem
243 2105 372 2142 nullam
397 2106 515 2150 fuisse,
539 2111 571 2146 δι
594 2119 747 2156 petentes
763 2138 773 2152 ,
808 2122 845 2147 ut
870 2112 1077 2147 author-'tate
1103 2110 1448 2146 Eminentillimorum
1486 2113 1551 2145 Fa—

93 2159 187 2188 trum
199 2163 292 2207 nova
308 2150 405 2190 fieret
421 2157 637 2195 nominatio.
666 2158 816 2195 Auditus
831 2160 897 2194 fuit
918 2159 1099 2205 Episcopus
1112 2185 1122 2198 ‚
1149 2159 1207 2206 qui
1222 2169 1256 2193 re
1271 2171 1289 2191 n
1317 2169 1449 2192 omnem
1466 2169 1553 2192 nar-

93 2208 151 2235 rat
164 2225 174 2239 ‚
197 2210 247 2236 uti
260 2212 334 2237 eam
353 2204 565 2241 narravimus
583 2218 595 2244 ς
621 2206 764 2242 fatetur
777 2210 859 2243 duos
874 2207 1009 2242 ultimos
1022 2207 1224 2242 Canonicos
1247 2204 1404 2240 Clcricos
1417 2214 1551 2239 tantum

94 2245 216 2298 suifl'e·²
239 2250 500 2303 cum-nominati
514 2251 651 2290 fuerunt
664 2281 673 2295 ,
701 2253 757 2289 sed
775 2254 972 2302 ignorantia
1001 2253 1220 2290 fundationis
1234 2264 1350 2288 eorum
1365 2252 1551 2300 praesenta-

94 2302 225 2330 tionem
247 2295 416 2333 adm1ssam
430 2297 524 2335 fuiffe
545 2301 632 2336 dicit
645 2315 655 2335 ε
677 2302 798 2338 Patere
812 2314 853 2338 ex
866 2303 1013 2338 clausula
1030 2302 1088 2339 illa
1109 2317 1172 2339 non
1189 2303 1281 2337 alias
1296 2327 1306 2342 ,
1329 2303 1438 2336 aliter
1456 2326 1466 2339 ‚
1493 2312 1550 2336 nec

93 2349 167 2377 alto
184 2345 276 2378 modo
289 2345 505 2390 praebendam
520 2347 606 2384 hanc
617 2349 864 2385 Canonicalem
877 2348 940 2385 ess'e
955 2350 1027 2385 aCtu
1041 2348 1296 2386 Sacerdotalem
1310 2373 1321 2387 ,
1347 2359 1458 2393 neque
1474 2347 1552 2381 satis

93 2386 160 2423 esse
174 2415 183 2428 2
199 2398 248 2442 ὐς
266 2392 460 2429 nominatus
473 2393 512 2429 fit
526 2395 646 2431 habitu
675 2397 835 2433 Sacerdos
849 2422 858 2435 ‚
891 2399 980 2444 quod
1002 2396 1156 2433 fundatio
1184 2403 1348 2441 concepta
1376 2394 1415 2428 sit
1438 2393 1554 2428 verbis

91 2446 262 2482 negatlws
275 2463 286 2477 ‚
315 2439 347 2472 ὃῑ
361 2442 598 2488 praeceptivis.
629 2443 762 2480 Contra
787 2445 954 2490 disputant
971 2445 1105 2480 Sodales
1121 2471 1131 2484 ‚
1159 2444 1252 2479 nulla
1270 2441 1366 2477 fuisse
1388 2441 1526 2475 comitia
1543 2468 1555 2482 ,

91 2485 223 2519 nullam
237 2487 511 2537 nominationem
525 2516 535 2530 ,
560 2502 637 2526 cum
653 2503 719 2526 non
734 2491 769 2527 in
783 2493 926 2540 proprio
939 2493 1102 2527 omorio
1117 2518 1128 2532 ‚
1152 2493 1185 2526 3<
1200 2491 1252 2525 die
1269 2489 1367 2524 Festo
1382 2514 1392 2527 ‚
1417 2499 1456 2524 ut
1469 2488 1555 2524 sem·

92 2541 152 2583 per
165 2542 265 2584 moris
278 2531 344 2568 fuit
363 2559 374 2572 ,
401 2533 456 2570 sed
468 2546 567 2573 extra
582 2539 695 2574 locum
712 2540 744 2574 in
767 2539 903 2574 Palatio
926 2540 1112 2585 Episcopali
1133 2566 1142 2578 ,
1167 2539 1200 2573 &
1215 2537 1272 2572 die
1289 2536 1416 2571 feriato
1436 2535 1554 2571 comi-

92 2581 277 2631 tia-habita
292 2579 420 2616 fuerint
433 2608 442 2621 ‚
468 2595 578 2631 neque
587 2585 802 2621 Camerarius
816 2586 971 2622 Sodalitii
991 2614 1000 2626 ,
1025 2587 1078 2621 sed
1093 2584 1332 2621 cancellarius
1345 2582 1554 2629 Epist-opalis

93 2625 267 2678 scribendo
291 2627 446 2664 affuerit:
472 2632 603 2666 nullam
628 2632 722 2668 fuisse
738 2635 1007 2669 nominationem
1023 2644 1093 2669 tum
1117 2636 1159 2667 ob
1174 2643 1243 2666 vim
1262 2659 1271 2670 ,
1297 2640 1496 2676 metumque
1512 2631 1555 2664 ab

92 2673 262 2725 Episcopo
284 2675 420 2711 illatum
434 2705 443 2717 ‚
469 2679 528 2724 qui
543 2680 681 2715 comitia
696 2693 808 2716 coram
823 2682 854 2716 se
871 2683 903 2716 in
929 2681 1115 2726 Episcopali
1130 2679 1261 2714 Palatio
1275 2679 1394 2714 haberi
1409 2677 1525 2713 voluit
1542 2703 1554 2716 ‚

90 2733 148 2766 qui
163 2721 297 2758 Sodales
315 2725 428 2771 coegit
442 2724 499 2760 die
515 2726 610 2762 sexto
624 2728 694 2771 post
718 2729 939 2764 vacationem
961 2729 1202 2763 Canonicatus
1215 2753 1225 2766 ,
1249 2738 1327 2762 cum
1343 2726 1434 2761 nulli
1450 2725 1554 2770 igno-

91 2777 161 2803 tum
176 2767 214 2802 fit
228 2771 341 2805 datum
355 2772 419 2808 esse
446 2773 609 2809 Patronis
627 2775 739 2810 Laicis
752 2776 989 2822 quadrimestre
1008 2778 1046 2811 ad
1061 2775 1336 2824 praesentandum
1353 2798 1364 2812 ,
1387 2784 1445 2818 qut
1461 2771 1554 2805 arbi·

88 2825 179 2853 tratu
195 2817 253 2853 suo
268 2819 392 2860 rejecit
409 2833 522 2867 preses
541 2822 764 2859 Clericorum
782 2849 790 2862 .
818 2824 936 2867 rejecit
957 2824 1245 2872 protestationem
1260 2820 1406 2857 emissam
1424 2830 1441 2853 a
1467 2817 1555 2854 Fer-

235 2870 400 2904 Tem-XX,
964 2872 991 2905 L
1359 2864 1509 2902 dinando
