1955 3028
104 107 255 143 exactum
268 110 389 144 tradus
408 107 471 143 fuit
484 111 730 157 perAlbam‚&
742 115 1023 160 planetam,itaut
1037 121 1217 160 dicendum
1232 125 1271 162 lit
1289 128 1406 166 audire
1421 131 1570 168 noluisse:

104 155 176 201 ipsa
190 156 332 202 denique
351 167 450 190 veroa
465 185 475 198 ‚
502 171 572 205 quae
590 161 657 204 ipse
676 162 782 200 refert
797 168 956 203 audivisse
970 196 979 211 ,
1006 171 1182 215 petitionis
1208 175 1340 211 icilicet
1368 179 1571 216 benedictio-

102 212 155 236 nis
171 214 248 237 cum
272 204 506 251 designatione
540 209 687 244 sestium
715 212 913 256 praeseferre
934 216 1024 263 figna
1049 218 1222 255 manifesta
1247 224 1424 261 consensus
1437 238 1572 264 contra-

103 249 257 284 hentium
271 277 281 290 ,
305 263 383 287 cum
399 263 467 287 non
482 255 548 289 alia
563 255 628 290 effe
653 259 748 303 poffit
777 259 969 299 benedictio
997 276 1015 298 a
1033 264 1184 301 Parocho
1217 270 1422 314 impetranda
1451 274 1472 308 Ἰ
1488 277 1569 312 esti-

103 297 162 330 bus
184 297 401 343 praesentibus
416 325 424 338 ‚
453 301 511 335 nisi
527 303 820 346 Matrimonialis‚·
850 309 970 346 Testes
984 323 1001 345 a
1020 311 1312 358 fingularitatibus
1328 346 1338 358 ,
1372 321 1402 354 ὅ(
1428 325 1567 358 menda-

100 343 164 378 ciis
181 356 302 391 purgat
317 374 326 385 ,
350 347 454 394 iisque
469 351 602 394 plenam
620 353 718 386 fidem
745 354 930 391 habendam
952 357 1016 392 esse
1041 360 1242 397 demonstrat
1261 378 1271 402 ‚·
1299 365 1459 403 sumniam
1475 371 1568 405 deni·

100 402 165 437 que
178 404 253 428 eam
275 393 336 428 esse
354 407 515 431 memorat
532 408 702 434 rationem
718 428 728 440 ‚
753 414 825 446 qua:
842 415 903 447 pro
931 408 1154 443 sacramento
1168 409 1413 454 Matrimonii,
1442 417 1470 450 ὅ(
1488 418 1565 451 reli-

102 438 203 482 gione
218 439 324 475 facit.
353 442 502 478 Videant
528 446 634 492 igitur
649 447 910 486 Eminentissimi
926 453 1068 494 Patres,
1096 458 1175 501 quia
1192 459 1279 499 Jun's
1303 461 1434 496 ratione
1459 476 1564 510 expe·

102 485 258 522 diendurn
277 488 314 522 sit
342 489 495 527 Dubium
514 519 522 527 .

56 539 114 568 „An
129 535 253 576 constet
267 537 304 572 de
320 539 512 577 validitate
533 545 751 580 Matrimonii
775 547 808 581 in
823 549 899 592 casu
915 552 992 586 &c-

144 630 363 667 Affirmative
378 660 387 674 ‚
412 635 443 669 &
460 635 606 683 amplius
618 662 630 673 .

137 724 427 764 ERRARIEN.:
455 729 679 770 Testamento
696 763 705 777 ,
727 739 817 783 quod
843 739 970 786 scripsit
995 753 1083 778 anno
1103 754 1203 788 1644.
1219 748 1389 789 Johannes
1403 751 1561 787 Sui-chius

149 772 366 811 ferrariensis
381 778 544 813 haeredem
567 781 698 827 scripsit
715 786 747 820 in
766 788 938 823 usufructu
958 789 1153 829 Lucretiam
1167 808 1308 831 uxorem
1324 825 1333 836 ‚
1364 800 1397 833 in
1412 801 1561 846 proprie-

97 829 168 854 tate
184 819 382 858 Thaddeam
412 825 542 866 filiam,
560 829 694 876 ejusque
721 832 834 875 filios,
864 837 1029 872 masculos
1055 843 1199 884 primum
1219 870 1227 883 ,
1256 844 1297 879 iis
1312 857 1376 880 non
1404 849 1561 882 extanti-

95 869 156 902 bus
170 894 180 907 ,
205 865 379 906 fxminas.
401 872 436 907 Si
455 885 534 907 vero
550 874 617 910 sola
632 878 811 924 {uper-essct
828 882 989 918 Thaddea
1002 910 1011 923 ‚
1038 889 1068 922 ὅ(
1083 888 1149 923 fine
1164 889 1245 925 filiis
1260 892 1461 934 decederet,
1480 895 1559 929 sub·

96 914 206 950 stituit
220 918 330 952 eidem
353 919 386 953 in
401 919 528 955 semiss'e
543 922 751 964 haereditatis
765 931 927 971 joannem
943 932 1125 970 Surchium
1140 965 1149 979 ‚
1165 937 1300 985 ejusque
1325 939 1414 975 filios
1433 942 1556 987 legiti-

95 974 188 1002 mos,
215 964 245 998 δι
259 965 434 1001 naturales
447 993 457 1006 ,
484 968 518 1001 in
533 971 603 1006 alio
619 985 699 1010 vero
713 975 838 1012 semiffe
852 978 1021 1015 substituit
1040 983 1225 1020 Nicolaum
1239 1012 1249 1027 ‚
1265 987 1480 1024 Franciscum
1499 1016 1507 1027 ‚
1525 990 1557 1024 &

95 1010 264 1046 Alexium
279 1012 490 1054 filiosJacobi
517 1017 650 1054 Surchii
666 1047 677 1061 ,
702 1035 885 1071 eorumque
899 1028 1026 1072 pariter
1038 1028 1128 1066 filios
1145 1034 1315 1079 legitimos
1335 1061 1343 1073 ,
1371 1038 1401 1070 &
1418 1046 1559 1071 natura-

94 1058 142 1092 les
154 1085 162 1096 ,
188 1060 313 1104 quibus
324 1062 482 1097 omnibus
498 1064 568 1101 haec
585 1079 686 1105 onera
706 1072 802 1106 dedit
820 1099 829 1112 ‚
856 1083 891 1108 ut
906 1087 948 1110 ex
956 1077 1130 1117 flua-tibus
1143 1082 1355 1116 l2.ereditatis
1370 1083 1553 1129 quotannis

92 1105 326 1150 praestarentur
338 1108 553 1147 Monasteriis
563 1114 849 1161 Cappucinorum
867 1147 875 1160 ,
898 1123 929 1156 δι
947 1122 1249 1169 Cappuccinarum
1269 1130 1421 1165 Ferraria:
1437 1133 1551 1165 decem

91 1153 252 1189 mextelli
268 1155 341 1190 vini
362 1183 370 1194 ‚
388 1157 491 1192 salma
506 1160 646 1205 piscium
660 1190 669 1203 ‚
684 1166 717 1200 &
731 1167 908 1202 duodecim
923 1170 1017 1206 llbrae
1029 1172 1123 1213 olei,
1151 1187 1224 1222 quae
1241 1177 1450 1213 constituunt
1465 1178 1552 1212 sum-

91 1211 181 1234 mam
197 1200 330 1248 sc.14.,
346 1204 538 1252 Voluitque
553 1209 703 1255 pariter,
728 1222 766 1248 ut
778 1215 875 1250 annis
901 1215 1038 1263 fingulis
1059 1220 1241 1258 duodecim
1259 1224 1390 1259 dotalia
1408 1224 1549 1260 subsidia

92 1246 257 1283 librarum
274 1260 410 1287 centurn
425 1254 802 1307 trigintassduarumpro
815 1263 981 1308 quolibet,
998 1278 1070 1312 qua:
1085 1267 1215 1305 faciunt
1236 1272 1394 1306 summam
1410 1272 1498 1311 scas
1520 1285 1550 1312 ς-

94 1294 240 1335 Puellis‚
262 1308 335 1342 quae
351 1299 479 1335 nubere
494 1303 623 1338 vellent
637 1331 646 1344 ,
672 1306 951 1346 distribuerentur
964 1339 973 1351 ‚
997 1314 1053 1353 Jus
1068 1327 1177 1352 autem
1192 1318 1323 1353 easdem
1342 1321 1473 1354 Puellas
1489 1331 1547 1353 no—

93 1342 243 1376 minandi
258 1345 386 1391 legavit
402 1348 613 1387 Officialibus
626 1353 792 1392 Sodalitii
803 1357 979 1394 Sacrorum
992 1361 1214 1408 Stygmatum
1232 1366 1409 1401 Ferrariae:
1428 1369 1548 1413 Atque

90 1389 161 1424 haee
178 1389 397 1434 Testamento
410 1394 469 1431 suo
482 1398 595 1433 voluit
613 1401 754 1442 Joannes
770 1405 949 1442 Surchius.
979 1408 1184 1446 Praedeceffit
1199 1413 1355 1448 Lucretia
1376 1426 1457 1449 uxor
1470 1414 1546 1448 Τε-

91 1435 205 1471 statori
220 1465 228 1478 ,
261 1451 367 1485 eoque
383 1441 538 1480 defuncto
555 1473 563 1485 ,
591 1450 752 1489 universae
771 1452 977 1490 haereditatis
998 1457 1225 1502 poffeflionem
1244 1463 1336 1496 nacla
1360 1461 1405 1496 est
1433 1462 1545 1497 shad-

89 1482 153 1519 dea
168 1508 179 1518 .
202 1487 441 1533 Exequutores
468 1492 731 1534 Testamentarii
759 1499 990 1537 inventarium
1017 1504 1171 1542 fecerunt
1186 1535 1193 1546 ‚
1217 1508 1437 1556 detraClaque
1463 1509 1544 1544 dote

90 1531 258 1568 Lucretiae
271 1560 282 1574 ,
305 1547 379 1582 quae
397 1549 467 1574 erat
492 1540 536 1575 sc.
549 1544 581 1578 6.
603 1545 721 1583 mille,
734 1543 939 1594 compertum
953 1550 1019 1586 fuit
1033 1553 1265 1591 haereditatem
1284 1556 1348 1592 esse
1361 1558 1391 1592 sc
1420 1564 1541 1598 16234.

94 1590 126 1626 3.
143 1589 172 1619 3.
187 1580 319 1616 decessit
333 1585 475 1632 denique
489 1590 593 1626 etiam
612 1591 775 1629 Thaddea
791 1622 801 1635 ‚
832 1595 939 1632 nullis
964 1600 1086 1636 relictis
1099 1602 1216 1639 liberis
1232 1631 1239 1643 ‚
1263 1605 1293 1639 ὃ(
1309 1604 1420 1640 emissa
1435 1607 1542 1639 dona-

91 1635 186 1662 tione
200 1630 385 1666 universali
398 1638 549 1672 omnium
567 1639 696 1676 suorum
721 1643 886 1680 bonorum
910 1646 1024 1682 favore
1040 1649 1234 1687 Monasterii
1251 1678 1261 1691 ‚
1282 1654 1313 1688 8<
1331 1653 1540 1687 Monialfflm

116 1674 296 1713 .Monacae
308 1705 316 1714 .
343 1679 458 1717 Morte
472 1683 643 1723 Thaddeae
655 1691 772 1725 ev'enit
797 1691 989 1730 substitut÷0
1004 1695 1140 1736 Joannis
1155 1699 1286 1735 Surchii
1302 1727 1312 1739 ‚
1342 1701 1371 1734 &
1388 1699 1539 1736 filiorum

88 1721 204 1761 Jacobi
218 1723 351 1761 Surchii
365 1727 487 1775 scripta
502 1733 534 1768 in
553 1733 752 1773 testamento
766 1739 923 1780 Joannis;
938 1743 985 1776 Hi
1003 1755 1085 1778 vero
1099 1745 1236 1792 longam
1260 1746 1355 1783 litem
1372 1760 1467 1795 agere
1482 1750 1540 1782 de-

86 1769 235 1852 bueruig
252 1783 327 1808 curn
343 1776 554 1816 Monialibus
566 1782 752 1821 donatiui-'s
768 1786 1046 1836 1‘haddeae.quae
1060 1793 1211 1834 tandem,
1225 1804 1261 1829 ut
1277 1808 1354 1831 mox
1366 1799 1514 1830 dicemus
1528 1823 1538 1836 ‚

88 1816 195 1851 transa
234 1819 309 1855 ione
327 1822 438 1869 sopita
459 1825 528 1861 fuit
543 1855 550 1862 .
566 1830 720 1867 Obvenit
745 1832 925 1870 substitutis
940 1847 980 1871 ex
1002 1840 1158 1875 universa
1174 1842 1385 1877 haereditates
1399 1843 1538 1882 Joannis

85 1861 278 1902 Testatoris
292 1873 455 1914 praedium
471 1885 701 1922 nuncupatum
714 1880 749 1914 la
766 1882 889 1928 Crispa,
902 1885 989 1928 quod
1002 1885 1197 1922 „estimatum
1213 1888 1274 1922 fuit
1288 1890 1318 1923 sc
1332 1893 1433 1933 5085.
1448 1893 1540 1933 889.

84 1911 119 1945 ὃ(
134 1910 179 1945 est
203 1916 303 1949 annui
327 1917 480 1954 redditus
503 1922 617 1964 sc.65.
630 1949 640 1962 ‚
664 1926 694 1959 δι
712 1927 829 1962 census
848 1955 857 1968 ,
883 1929 975 1970 cujus
990 1932 1121 1968 debitor
1137 1935 1182 1969 est
1199 1935 1353 1971 Marchio
1382 1937 1506 1973 Romei
1526 1966 1536 1979 ,

53 1986 56 1990 .
88 1957 224 2006 ejusque
239 1961 309 1998 sors
333 1965 380 1999 est
399 1966 442 2002 sc.
459 1977 488 2007 3,
504 1970 600 2004 mille
614 1998 623 2010 ‚
636 1971 812 2018 redditque
829 1987 955 2011 annuos
970 1977 1092 2015 fructus
1107 1979 1149 2015 sc.
1160 1993 1216 2025 90.
1232 1981 1367 2018 firmato
1381 1984 1471 2019 enim
1486 1987 1540 2028 ju-

112 2005 261 2043 icialiter
275 2009 360 2048 statu
374 2013 593 2051 haereditario
609 2019 745 2059 Joannis
770 2022 952 2058 restatoris
967 2025 1052 2060 nihil
1068 2028 1163 2063 aliud
1177 2040 1346 2077 repertum
1361 2031 1439 2070 fuit,
1454 2045 1538 2068 con·

87 2050 228 2100 sumptis
245 2057 386 2104 reliquis
400 2062 495 2097 bonis
510 2065 692 2102 mobilibus
706 2094 716 2107 ,
743 2070 773 2104 δι
793 2071 1018 2108 immobilibus
1040 2085 1057 2107 a
1073 2074 1237 2114 Thaddea
1262 2090 1302 2113 ex
1319 2079 1413 2114 causa
1429 2080 1540 2117 detra-

88 2100 237 2137 &ionum
252 2131 261 2145 ,
285 2116 356 2150 quae
369 2111 407 2143 ad
423 2121 497 2144 eam
511 2110 708 2157 spectabant
730 2127 770 2150 ex
789 2117 984 2154 haereditate
1006 2130 1151 2167 paterna
1165 2151 1175 2165 ‚
1199 2129 1232 2160 ὅ(
1249 2126 1470 2173 impensarum
1486 2128 1537 2164 fu-

89 2147 173 2182 neris
188 2174 198 2187 ,
221 2163 260 2187 ac
275 2152 463 2201 legatorum
477 2183 486 2197 ,
515 2171 590 2205 quae
606 2159 765 2199 Testator
784 2164 968 2211 reliquerat
983 2196 990 2203 .

39 2193 202 2231 Haeredes
217 2196 512 2241 fideicommissarii
531 2207 747 2251 agnoscentes
764 2211 887 2247 fructus
905 2215 1018 2250 tenuis
1033 2216 1132 2260 hujus
1158 2219 1371 2259 haereditatis
1386 2235 1452 2259 non
1482 2225 1536 2259 sa-

85 2243 127 2275 tis
149 2241 212 2277 effe
237 2249 276 2282 ad
295 2261 399 2284 onera
417 2277 426 2290 ‚
452 2265 525 2298 qux
544 2253 702 2290 Testator
725 2257 861 2296 dederat
885 2261 1099 2308 adimplenda
1115 2292 1125 2307 ,
1152 2279 1242 2303 anno
1262 2277 1355 2309 1716.
1387 2273 1534 2316 postula-

83 2298 162 2323 runt
177 2291 218 2342 ab
232 2291 292 2328 hoc
305 2296 408 2332 Sacro
424 2298 606 2337 Tribunali
627 2304 886 2343 diminutionem
901 2309 1089 2355 legatorum
1104 2341 1113 2355 ‚
1130 2318 1365 2364 propositoque
1382 2319 1501 2354 Dubio
1517 2339 1538 2345 -

83 2338 197 2388 Art-stt
212 2339 306 2376 locus
320 2347 511 2383 redizaioni
523 2349 738 2392 sithsidiorum
755 2356 922 2392 dotalium
937 2360 972 2392 in
986 2371 1121 2398 numero
1134 2388 1144 2401 ‚
1161 2366 1221 2399 ‘vel
1236 2371 1271 2400 in
1288 2370 1490 2411 quantitate
1504 2371 1539 2403 in

83 2386 158 2434 cqs‘
180 2390 256 2437 &s-
273 2405 289 2411 -
306 2390 359 2424 res
381 2393 497 2429 onfum
519 2395 582 2431 fuit
595 2417 608 2422 -
622 2403 786 2444 negative
800 2428 809 2437 .
828 2404 932 2439 Anno
950 2409 1150 2451 1719.ai1·ud
1164 2409 1421 2446 decrementum
1436 2426 1539 2450 acce-

81 2440 130 2474 pit
148 2429 350 2470 fideicommi
379 2439 445 2474 aria
471 2442 643 2480 haereditas
659 2446 794 2487 Joannis
808 2451 942 2486 Surchii
956 2479 966 2492 ,
995 2465 1073 2489 nam
1088 2459 1311 2493 transactione
1328 2459 1410 2493 inita
1426 2473 1538 2497 cunm

80 2478 290 2517 monialibus
305 2484 491 2523 donatariis
509 2490 678 2529 Thaddeae
691 2520 700 2533 ,
725 2507 799 2540 pars
815 2497 934 2533 Praedii
946 2502 982 2535 la
1000 2504 1110 2550 Crispa
1126 2516 1186 2548 pro
1206 2506 1397 2551 portionem
1411 2508 1539 2544 sc.800.

82 2523 195 2560 iisdem
212 2528 429 2568 Monialibus
457 2537 617 2582 adscripta
636 2540 702 2576 fuit
720 2566 731 2576 .
757 2544 932 2581 Officiales
949 2557 1063 2583 tamen
1080 2551 1238 2587 Sodalitii
1255 2554 1429 2589 Sacrorum
1457 2555 1538 2602 Sty-

76 2581 228 2624 ,gmatum
247 2603 256 2616 ,
280 2577 329 2613 his
360 2581 588 2620 decrementis
622 2587 835 2626 haereditatis
859 2593 1058 2636 posthabitis
1075 2625 1083 2639 ,
1113 2609 1197 2644 quot
1213 2600 1357 2641 joannes
1372 2601 1535 2639 Surchius

85 2617 234 2669 sestator
257 2624 488 2670 designaverat
503 2657 512 2671 ,
536 2642 588 2667 tot
609 2635 744 2671 Puellas
770 2638 934 2676 dotandas
947 2643 1189 2686 nominarunt,
1220 2650 1306 2683 unde
1324 2649 1440 2684 evenit
1456 2674 1464 2687 ,
1496 2660 1534 2685 ut

76 2664 306 2706 deficientibus
324 2673 483 2712 fructibus
496 2705 505 2718 ,
531 2691 548 2712 c
562 2681 682 2726 quibus
695 2684 819 2720 dotalia
839 2687 978 2723 subsidia
997 2691 1175 2736 praestanda
1191 2704 1285 2729 erant
1298 2723 1307 2735 ,
1333 2708 1397 2731 non
1413 2709 1532 2733 omnes

73 2724 109 2746 ea
123 2717 280 2764 consequi
298 2723 487 2766 potuerint.
513 2727 703 2766 Hereditas
721 2731 811 2767 enim
829 2735 882 2769 vix
900 2736 1010 2772 reddit
1035 2750 1145 2775 annua
1168 2740 1303 2784 sc.155.
1320 2754 1436 2778 contra
1452 2756 1531 2779 vero

1343 2791 1479 2826 subsidia
