1956 3017
384 92 549 177 {sperem
577 126 704 162 Renuit
718 125 930 172 Episcopus:
955 122 1110 169 querelas
1136 123 1194 158 ille
1217 122 1338 159 detulit
1358 124 1399 159 de
1415 126 1478 160 hac
1493 125 1704 161 recusatione
1723 126 1763 159 ad
1779 127 1843 162 hoc:

385 181 521 215 Sacrum
548 173 741 208 Tribunal.
768 173 916 207 Auditus
942 171 1083 216 itaque,
1107 181 1144 205 ut
1175 172 1250 207 {ieri
1275 171 1361 205 solet
1378 198 1389 211 ‚
1420 171 1601 216 Episcopus
1631 173 1844 216 respondit„

385 252 410 266 ‚,
437 221 659 259 Dioecesanos
674 220 872 254 suos‘omnes
894 220 932 254 ad
949 218 1066 252 statum
1083 215 1352 254 Ecclesiasticuin
1376 219 1598 254 vocationem
1613 219 1740 255 habere
1753 246 1764 260 ,
1779 221 1842 257 ita—

387 298 411 312 „
434 280 494 310 ut,
522 269 544 304 si
562 266 758 304 instantium
776 266 930 311 percibus
946 275 1093 300 annuere
1108 266 1234 304 vellet,
1261 263 1572 301 Ecclefiasticmum
1584 266 1843 304 exercituseum

388 346 410 359 „
436 324 662 362 opprimeret:
689 314 843 353 Priverni
867 311 1291 352 CivitatemClericorurn
1306 312 1541 348 sufficientiam
1553 313 1679 350 habere
1698 340 1709 354 ‚
1733 315 1765 350 δι
1780 328 1843 350 an-

387 390 410 406 „
435 373 468 399 te
494 363 721 409 Augustinum
748 361 860 396 locum
886 370 1000 394 tenere
1015 358 1162 404 pr.tfat0e
1180 360 1347 394 Civitatis
1370 360 1541 397 Alumnos
1557 386 1567 400 ,
1593 361 1650 406 qui
1674 373 1732 407 per
1760 363 1843 407 plu»

385 437 410 454 ‚‚
434 412 524 447 rium
545 420 707 446 annorum
723 407 917 455 spatiumin
939 407 1126 443 Seminario
1145 407 1352 447 Dioeccsano
1376 419 1505 443 moram
1531 407 1710 448 fecerunt,
1730 409 1762 445 δι
1790 409 1843 446 fa-

387 486 411 500 „
436 460 570 497 ciunt„
598 455 742 491 Addidit
772 453 975 500 Episcopus,
996 453 1155 499 majorem
1184 457 1353 499 francisci
1375 456 1489 496 filium
1520 480 1530 495 ,
1556 455 1616 501 qui
1642 455 1839 497 Canonicus

384 506 435 542 ‚est
458 503 678 540 cathedralis
706 501 859 540 Ecclesiae
874 529 883 542 ,
902 511 1049 549 perraro
1066 503 1100 536 in
1116 501 1178 545 sm
1204 501 1344 544 residere
1361 502 1500 545 Ecclesia
1516 529 1525 541 ,
1551 506 1645 538 itaut
1660 503 1840 549 eumjure‘s

388 555 548 591 remediis
573 562 736 587 revocare
759 551 988 584 meditaretur
1008 571 1018 586 .-
1045 548 1110 584 His
1137 548 1260 584 auditis
1295 575 1303 589 ,
1343 548 1475 591 rejeetae
1502 548 1640 585 suerunt
1668 550 1840 587 Francisci

385 610 502 647 preces
520 625 528 638 ,
551 596 607 644 qui
632 606 743 632 tamen
771 607 841 630 non
856 595 983 632 fractus
1004 595 1120 630 animo
1134 596 1196 631 hac
1216 596 1374 644 repulsa,
1397 607 1499 634 novas
1530 597 1664 632 obtulit
1692 608 1806 643 preces
1830 624 1842 638 ,

386 648 510 694 quibus
531 645 737 680 monstrabat
757 656 779 682 'a
800 645 872 678 veri
898 644 1006 688 specie
1024 642 1223 689 Episcopum
1238 642 1401 680 recedisse
1415 673 1423 680 .
1453 645 1601 680 Auditus
1627 645 1741 692 itaque
1768 645 1840 681 suit

388 697 511 729 iterum
528 692 711 738 Episcopus
726 718 735 731 ,
759 691 817 735 qui
832 691 975 726 mutavit
990 690 1207 726 recusationis
1219 692 1332 729 causas
1345 718 1355 732 ,
1378 692 1530 738 aliasque
1546 692 1666 727 attulit
1682 717 1704 732 ‚,
1731 694 1840 729 Fran-

387 767 410 784 „
435 740 511 777 cisci
536 739 643 775 filium
663 738 887 784 Augustinum
904 738 1090 773 nullimode
1109 737 1202 773 fuisse
1225 750 1285 781 pro
1303 740 1423 776 Altari
1448 749 1565 774 natum
1581 765 1590 778 ,
1616 751 1659 775 eo
1674 741 1761 786 quod
1776 740 1840 775 sae-

387 816 410 831 „
436 789 604 823 cularibus
623 798 690 821 non
706 785 805 820 modo
820 785 943 821 officiis
960 787 1134 821 incumbat
1150 813 1159 826 ,
1186 786 1353 833 salemque
1376 787 1512 825 absente
1537 787 1656 822 Fratre
1681 789 1716 822 in
1730 787 1843 823 offici·

388 863 411 877 ,,
436 847 477 870 na
493 834 680 871 vendiderit
694 861 703 874 ,
726 833 780 867 sed
802 833 950 869 scholam
973 833 1190 878 neglexerit,
1215 834 1343 869 adeout
1361 860 1371 874 ,
1392 836 1481 871 licet
1500 834 1698 880 vigesimum
1726 834 1838 872 aexatis

387 910 411 924 ‚,
437 894 561 918 annum
577 891 678 927 agat,
701 880 781 916 solis
804 890 925 918 tamen
942 880 1184 918 Grammaticae
1207 883 1337 929 regulis
1359 894 1502 928 operam
1528 891 1635 916 navet
1663 909 1672 922 ‚
1695 892 1843 928 quamo-

386 957 411 973 ,‚
436 932 528 965 brein
551 928 748 965 nullimode
774 939 834 973 pro
859 931 966 975 prima
997 928 1150 964 sensura
1168 929 1377 967 audiendum
1402 929 1466 965 effe
1489 930 1628 968 censet,
1654 940 1698 964 eo
1725 929 1841 976 quia...

387 1005 410 1020 ‚,
436 978 524 1013 nihil
546 977 633 1013 boni
656 978 689 1012 in
716 988 757 1010 eo
783 976 910 1023 sperari
924 977 1056 1023 poffit„
1086 976 1203 1013 Visum
1229 978 1276 1012 est
1289 978 1334 1013 ob
1351 979 1435 1013 hanc
1446 978 1679 1015 variationem
1695 1002 1706 1017 ,
1739 986 1841 1022 atque

386 1025 652 1061 inconstantiam
674 1023 824 1068 Episcopi
850 1036 917 1059 rem
944 1023 1135 1062 accuratius
1157 1025 1223 1061 effe
1247 1025 1487 1063 discutiendam
1504 1051 1515 1064 ,
1539 1025 1570 1058 δι
1587 1023 1686 1064 ideo,
1713 1034 1843 1062 conce-

385 1074 450 1119 ptis
479 1072 606 1108 D:.biis
618 1099 627 1112 ‚
653 1070 750 1106 causa
769 1072 881 1106 omnis
898 1071 1192 1117 Amplissimorum
1205 1074 1341 1108 Patrum
1357 1074 1482 1116 iudicio
1494 1071 1673 1108 subiicitur
1688 1099 1695 1107 .

339 1122 395 1161 Ad
414 1119 603 1156 Tonsuram
616 1118 835 1155 obtinendam
860 1119 1050 1154 Tridentini
1066 1120 1208 1155 decreto
1232 1132 1299 1155 non
1318 1120 1384 1155 alia
1401 1122 1622 1167 requiruntur
1647 1145 1657 1158 ,
1684 1116 1746 1154 nifi
1763 1145 1774 1159 ‚
1801 1126 1842 1156 ut

380 1169 632 1217 promovendus
645 1168 735 1211 sciat
752 1168 946 1202 rudimenta
964 1167 1048 1208 fidei
1061 1192 1071 1204 ‚
1102 1169 1282 1211 &saltem
1301 1168 1416 1214 legere
1431 1194 1440 1206 ,
1462 1172 1505 1204 ω’*
1531 1165 1684 1210 scribere
1712 1166 1836 1213 lingua

385 1216 516 1260 vulgari
531 1241 540 1254 ‚
567 1215 598 1249 δι
612 1223 776 1252 materna,
795 1223 832 1248 ut
849 1213 1215 1253 communiDoctorum
1232 1214 1395 1254 sententia
1409 1216 1688 1260 interpraetantur
1703 1214 1841 1258 Barbos.

386 1267 428 1298 ad
447 1262 570 1300 concili·
598 1264 750 1299 Tridenti»
768 1263 841 1305 sels.>
861 1271 914 1307 23.
945 1271 1016 1308 cap.
1031 1272 1064 1301 4.
1087 1263 1126 1298 de
1142 1264 1206 1305 ref.
1222 1275 1314 1298 nram.
1329 1272 1359 1302 5.
1383 1262 1556 1308 Ventrigl.
1586 1264 1623 1296 in
1646 1266 1763 1297 Tra-r,
1779 1264 1839 1297 tit.

386 1315 423 1345 de
451 1311 696 1345 Exammrditz.
719 1310 940 1355 annot.43.;§
966 1311 1062 1343 vriic.
1087 1316 1235 1344 nme-26.
1253 1309 1338 1344 Haee
1362 1318 1474 1344 autem
1489 1307 1662 1344 excedunt
1687 1307 1724 1342 in
1756 1307 1839 1347 Au-

381 1357 514 1405 gustino
528 1383 537 1396 ‚
563 1357 619 1403 qui
637 1383 646 1396 ‚
674 1365 711 1391 ut
735 1355 862 1391 constat
888 1369 931 1391 ex
952 1355 1049 1399 ipsius
1065 1356 1217 1403 Episcopi
1235 1356 1519 1392 testimonialibus
1537 1354 1645 1394 literis
1663 1354 1750 1391 datis
1765 1382 1774 1395 ,
1801 1363 1840 1393 ut

382 1408 418 1443 in
443 1406 578 1452 aliquod
601 1404 864 1440 adolescentium
881 1403 1081 1450 Collegium
1108 1413 1358 1451 cooptaretur-
1382 1405 1479 1444 bonis
1495 1403 1649 1441 moribus
1681 1402 1838 1438 imbutus

383 1455 426 1494 est
450 1478 461 1492 ‚
499 1460 737 1487 Grammaticae
759 1455 944 1500 praeceptis
970 1453 1128 1496 versatus
1152 1477 1163 1491 ,
1190 1452 1349 1498 bonisque
1383 1450 1590 1495 parentibus
1616 1458 1714 1485 ortus
1731 1476 1742 1490 ,
1770 1463 1835 1486 non

376 1501 610 1548 processiva,
635 1511 693 1534 vion
707 1499 910 1547 querelatus
928 1500 1002 1543 fuit
1028 1521 1045 1528 -
1067 1499 1196 1546 quique
1211 1525 1220 1538 ‚
1247 1499 1328 1534 licet
1354 1496 1551 1545 vigesimum
1582 1508 1708 1533 annum
1736 1506 1812 1544 agat
1827 1523 1839 1539 ‚

380 1547 581 1585 Rethoricae
599 1558 738 1593 operam
758 1546 813 1580 dat
825 1573 836 1586 ,
864 1555 901 1582 ut
916 1544 1181 1583 testificationem
1198 1545 1277 1582 facit
1292 1545 1454 1594 Magister
1472 1572 1483 1586 ,
1509 1546 1567 1592 qui
1582 1545 1653 1587 ejus
1668 1553 1842 1589 pietatem,

379 1595 659 1642 diligentiamque
675 1594 915 1630 commendat.-
940 1593 1068 1636 obieeta
1082 1597 1123 1630 ab
1140 1593 1309 1643 Episcopo
1323 1595 1355 1630 in
1372 1604 1520 1641 utraque
1539 1592 1683 1641 Epistola
1698 1591 1838 1631 facilss,

379 1643 479 1678 diluit
502 1643 602 1677 Pater
618 1669 626 1680 ,
651 1644 708 1688 qui
736 1642 925 1678 testimonia
948 1644 1005 1678 dat
1032 1644 1185 1680 virorum
1207 1655 1331 1689 genere
1355 1669 1365 1683 ,
1390 1641 1561 1689 dignitate
1581 1667 1588 1679 ‚
1624 1638 1837 1685 publicisque

377 1690 575 1726 muneribus
598 1689 783 1726 illustrium
799 1716 810 1730 ,
837 1703 856 1724 e
874 1691 995 1738 quibus
1008 1690 1138 1727 constat
1157 1691 1345 1727 exercitum
1361 1690 1458 1726 illum
1475 1687 1811 1727 Ecciefiasticorum
1824 1711 1836 1726 ι

377 1750 478 1783 quem
495 1737 590 1772 timet
604 1737 786 1782 Episcopus
799 1765 810 1778 ‚
831 1737 986 1773 Priverni
1013 1750 1078 1773 non
1092 1738 1154 1774 esse
1169 1766 1177 1779 ‚
1202 1739 1308 1773 imino
1322 1739 1373 1774 his
1388 1738 1498 1781 copiis
1514 1736 1666 1782 indigere
1690 1733 1836 1786 Civita-

378 1795 448 1821 tem
460 1813 469 1825 ,
494 1784 742 1826 cujusCivium
757 1785 966 1822 detrimento
979 1811 989 1824 ,
1015 1797 1052 1820 ac
1066 1787 1228 1821 dedecore
1242 1812 1252 1827 ‚
1275 1783 1446 1820 Beneficia
1463 1787 1616 1824 exteris,
1634 1784 1664 1817 8<
1682 1791 1836 1832 peregri-

377 1833 432 1868 nis
449 1832 654 1867 Hominibus
670 1831 820 1868 conferri
848 1832 978 1874 debent
994 1860 1003 1874 ‚
1015 1834 1046 1868 ἐι
1062 1837 1150 1869 sacra
1168 1833 1283 1878 saepius
1296 1844 1364 1868 non
1380 1831 1561 1867 inveniunt
1576 1834 1655 1878 ‚qui
1674 1838 1777 1875 agant
1793 1829 1833 1868 ii,

375 1880 435 1925 qui
456 1880 603 1924 Neapoli
620 1880 720 1913 miter
739 1879 870 1913 faciunt
886 1907 893 1917 ,
907 1881 1137 1916 Sacerdotum
1151 1880 1304 1918 defectu:
1329 1879 1548 1915 clericorum
1562 1887 1742 1913 numerum
1769 1876 1836 1914 sa-

378 1928 446 1961 cris
461 1925 663 1961 Canonibus
676 1937 744 1960 non
759 1925 824 1962 ess'e
836 1926 1161 1973 praefinitum‚neque
1174 1925 1368 1962 inTonsuta
1382 1926 1534 1962 eamdem
1552 1926 1662 1971 legem
1679 1922 1832 1969 effe,quae

378 1974 462 2009 solet
476 1971 538 2006 esse
556 1981 737 2008 numeratis
754 1971 1160 2019 Ecciefiis:Aiumnos‚qui
1177 1974 1212 2008 in
1226 1972 1649 2020 CollegiOJseuSeminario
1663 1969 1835 2009 summul-

380 2021 448 2056 lum
465 2019 619 2065 praestare
635 2017 725 2065 poss'e
743 2018 1019 2063 impedimentum
1036 2046 1046 2058 ,
1068 2031 1112 2053 ne
1135 2019 1194 2055 alii
1213 2020 1317 2063 prima
1339 2020 1495 2057 [onsura
1520 2019 1725 2058 initientur,
1753 2015 1834 2053 nul-

378 2069 516 2113 lumque
529 2067 579 2109 ius
593 2065 812 2103 Seminarium
824 2069 904 2101 dare
916 2066 1125 2112 praelationis
1140 2065 1301 2105 Aluinnis
1313 2091 1324 2106 ,
1350 2067 1381 2101 ὅ(
1397 2066 1419 2101 si
1435 2066 1485 2109 jus
1498 2067 1603 2102 etiam
1619 2063 1836 2113 praelationis

376 2115 538 2150 haberent
563 2141 571 2154 ‚
595 2114 700 2149 aliam
724 2112 789 2149 effe
813 2114 1070 2158 praelationem,
1096 2112 1199 2150 aliam
1219 2124 1303 2149 vero
1326 2112 1391 2148 esse
1417 2113 1633 2156 rejectionem
1653 2112 1834 2151 aliorums

376 2162 602 2210 Episcopum,
625 2161 682 2207 qui
699 2161 822 2197 metuit
849 2162 889 2199 ab
911 2160 1063 2197 exercitu
1079 2160 1387 2197 Ecclesiasticorum
1404 2188 1413 2201 ,
1435 2161 1496 2208 qui
1523 2161 1636 2200 censet
1652 2159 1834 2208 pracferen-

373 2211 432 2248 dos
451 2209 621 2244 Alumnos
643 2208 821 2248 Seminarii
839 2236 849 2249 ‚
876 2219 913 2245 ut
938 2209 1111 2248 reiicitata
1133 2220 1152 2244 a
1178 2206 1339 2245 Tonsura
1370 2208 1597 2256 Augustinum
1614 2234 1624 2248 ‚
1652 2205 1834 2244 contulisse

376 2256 566 2292 Tonsuram
580 2257 708 2292 duobus
734 2256 992 2292 Privernatibus
1009 2255 1270 2296 adolescentulis
1287 2255 1355 2301 post
1367 2258 1460 2291 datas
1478 2267 1595 2302 preces
1609 2256 1653 2291 ab
1667 2253 1833 2302 Augusti-

375 2316 422 2340 no
436 2332 444 2343 ,
469 2305 527 2351 qui
544 2314 655 2340 tamen
668 2303 779 2346 necin
792 2304 984 2340 Seminario
997 2303 1159 2344 fuerunt,
1185 2313 1249 2338 nec
1260 2303 1358 2351 digni
1373 2312 1468 2340 erant
1483 2330 1493 2346 ‚
1507 2313 1544 2341 ut
1561 2303 1675 2351 prima
1694 2300 1830 2343 Tonsu-

375 2362 410 2385 ra
424 2352 662 2391 initiarentur,
689 2361 726 2386 ut
743 2352 945 2393 monstravit
965 2353 1098 2391 exitus3
1126 2352 1217 2389 alter
1231 2363 1319 2387 enim
1346 2353 1528 2388 bubulcum
1551 2350 1646 2399 agit,
1671 2350 1757 2385 alter
1781 2346 1827 2386 de

375 2397 511 2434 infando
524 2399 664 2435 crimine
689 2400 885 2442 accusatus,
913 2402 943 2435 δι
978 2401 1012 2436 in
1038 2411 1189 2436 carceres
1212 2400 1387 2444 conjectus
1410 2398 1515 2436 evafit
1537 2403 1581 2435 ob
1605 2397 1799 2434 nullitate-m
1814 2420 1825 2433 ‚

374 2444 605 2492 defectumque
620 2447 861 2489 iurisdictionis
880 2476 889 2488 ‚
909 2449 941 2483 δι
955 2448 1088 2496 fugiens
1102 2447 1251 2487 Patriam
1265 2473 1275 2487 ‚
1292 2447 1441 2487 Romam
1454 2447 1549 2487 venit
1568 2473 1577 2486 ,
1604 2445 1736 2491 vilique
1749 2452 1824 2481 arte

377 2490 506 2542 lucrum
531 2496 676 2538 quarm
701 2494 873 2530 francisci
889 2494 999 2537 filium
1023 2506 1106 2532 natu
1125 2496 1311 2538 majorem,
1335 2494 1606 2540 quiCanonicus
1628 2489 1825 2543 Cathedra-

376 2536 418 2571 lis
435 2537 500 2589 est2
519 2540 703 2577 studiorum
718 2543 815 2577 causa
833 2542 973 2583 abfuisse
987 2568 996 2581 ,
1024 2544 1054 2581 &
1071 2543 1226 2588 Capituli
1240 2542 1400 2579 consensu
1415 2568 1425 2581 ‚
1451 2553 1490 2577 ac
1505 2542 1605 2579 venia
1618 2539 1706 2577 Sacrl
1724 2536 1825 2578 hUlUS

376 2583 580 2636 Tribunalis
593 2587 712 2637 ,Rome
732 2589 826 2625 fuisse
847 2617 856 2630 ,
883 2591 1026 2635 impleto
1039 2601 1187 2636 tempore
1202 2618 1212 2631 ‚
1238 2590 1439 2630 Privernum
1454 2586 1608 2636 repetiss'e
1621 2612 1632 2626 ‚
1656 2593 1695 2620 ut
1720 2584 1824 2619 inane

375 2631 414 2667 fit
430 2658 439 2670 ‚
464 2635 621 2679 quidquid
636 2635 814 2681 Episcopus
828 2637 1048 2675 meditaretur
1056 2638 1100 2674 de
1115 2649 1156 2673 eo
1173 2637 1376 2674 revocando
1387 2638 1472 2682 juris
1485 2635 1639 2674 remediis
1655 2646 1664 2667 ε
1680 2635 1710 2668 &
1726 2631 1748 2666 si
1762 2642 1824 2680 per

375 2677 555 2718 desidiam,
583 2690 757 2727 otiumque
782 2684 938 2719 abfuisset
971 2712 981 2726 ,
1008 2685 1098 2721 nihil
1123 2687 1162 2720 ad
1188 2686 1292 2721 aliun-i
1317 2684 1454 2721 fratrem
1477 2681 1653 2730 pertinere
1677 2680 1822 2716 alterius

377 2724 489 2775 statiis
513 2727 677 2774 culpam:
702 2730 804 2766 salem
827 2732 861 2768 in
881 2731 1015 2770 officina
1030 2760 1041 2776 ,
1065 2742 1124 2771 aut
1148 2734 1288 2775 taberna
1307 2742 1490 2779 numquam
1503 2729 1681 2768 venditum
1693 2726 1823 2811 spisse-a

396 2787 398 2791 ·
1400 2783 1402 2785 ’
1723 2785 1776 2810 ive
