1977 3028
1526 137 1572 175 ⁷¹7

112 169 217 207 gelam
236 170 290 203 ,ut
306 160 380 196 data
401 162 440 197 ad
453 161 646 207 Philippum
666 164 808 212 epistola
822 195 831 209 ‚
846 175 977 213 peteret
992 167 1035 201 ab
1052 178 1093 201 eo
1113 166 1396 214 subscriptionem
1413 170 1494 204 novi
1507 172 1567 208 liu-

110 204 165 257 'ius
182 210 330 246 mandati
346 234 357 245 .
384 210 657 254 Experimenturn
673 213 734 247 hoc
761 216 885 250 inutile
902 215 986 253 fuit,
1013 226 1089 249 nam
1116 214 1311 261 Philippus,
1337 226 1471 263 accepta
1493 220 1571 264 epi-

114 260 199 296 stola
214 285 223 298 ,
251 260 299 293 ira
314 258 456 293 aestuans
471 282 481 294 ,
505 258 537 290 δι
551 257 726 303 epistolam
743 288 752 301 ,
779 263 810 296 8(
829 264 1024 297 mandatum
1042 261 1229 301 laceravit,
1253 262 1454 309 nullumque
1478 267 1570 302 dedit

113 306 309 352 responsum
325 334 332 341 .
360 303 528 350 Confugit
543 304 649 349 igitur
670 305 812 343 Riccius
825 311 867 344 ad
896 310 1118 344 Dominicum
1135 308 1276 353 Spinelli
1298 311 1444 356 Angelae
1466 313 1569 348 Paro-

115 356 218 390 chum
234 380 243 393 ,
269 354 301 387 ὃ(
330 351 488 387 sseatricis
507 350 664 391 affinem,
691 356 748 399 qui
774 357 932 403 deceptus
955 355 1088 394 fuerat,
1114 356 1276 400 supposita
1301 357 1371 392 alia
1400 360 1568 403 persona,

114 413 186 447 qua:
201 400 231 435 se
254 399 451 445 Philippum
467 396 639 442 Giordano
668 400 906 447 simulaverat,
933 403 1130 439 &parocho
1151 414 1327 448 aperuerat
1350 407 1569 442 voluntatem

113 450 205 484 suam
218 444 440 490 contrahendi
462 445 715 483 matrimonium
731 462 807 486 cum
826 452 958 497 Angeia
973 477 983 491 .,
1002 450 1171 485 Parochus
1186 449 1294 496 igitur
1309 477 1317 489 ‚
1343 463 1421 486 cum
1438 465 1495 497 per
1507 466 1566 500 po-

114 499 250 542 dagram
264 519 273 532 ,
299 505 364 538 qua
379 491 568 527 vexabatur
581 520 590 532 ‚
616 506 683 529 non
700 497 819 533 liceret
832 498 862 532 ei
875 511 986 533 coram
1003 498 1127 543 alloqui
1153 510 1228 533 cum
1247 498 1387 536 Vicario
1399 499 1565 543 Gener-ali

115 540 374 587 Neapolitano,
399 540 484 575 adiit
497 551 573 574 eum
587 542 726 586 epistola
742 571 752 584 ,
774 558 837 591 qua
851 557 926 580 eum
948 545 1124 580 certiorem
1147 544 1310 580 reddebat
1329 546 1522 591 Philippum
1546 561 1564 583 a

113 599 207 636 patre
221 615 232 628 ‚
257 587 368 632 quide
381 586 446 622 hoc
464 589 680 625 matrimonio
695 592 826 639 aliquid
841 587 1021 637 resciverat
1033 621 1042 632 ‚
1063 590 1207 629 detineri
1222 593 1317 627 domi
1337 593 1369 626 in
1391 594 1541 629 custodia
1552 607 1564 629 .-

112 635 298 682 periculum
310 632 373 668 esse
388 635 421 668 in
435 645 527 669 mora
541 663 551 676 ‚
574 637 653 683 quia
667 649 764 685 pater
777 639 861 676 alias
875 641 906 675 ei
927 643 1063 687 parabat
1075 639 1232 685 nuptias:
1261 641 1429 685 Angelam
1443 654 1461 676 a
1476 641 1561 676 Phi-

110 684 205 729 lippo
218 679 436 727 compressam
451 680 545 718 fuisse
561 711 570 723 ‚
594 684 828 734 incertumque
843 715 852 728 ,
877 700 918 723 an
941 700 1112 735 praegnans
1136 685 1234 725 esset;
1258 689 1474 722 metuendum
1497 687 1561 722 esse

106 731 155 766 de
171 730 259 766 fama
274 727 393 775 puellae
411 755 421 768 ‚
445 729 479 763 ni
495 731 567 767 cito
580 733 779 778 conjugium
795 733 913 770 fieret:
940 736 1126 773 nostulabat
1143 733 1245 778 igitur
1258 733 1336 769 huic
1352 735 1438 769 malo
1452 747 1561 781 psOffl-

111 786 205 824 ptum
217 775 290 811 dari
302 775 489 822 remedium
503 804 512 814 .
533 780 662 824 Morem
680 781 829 823 Parocho
850 783 945 829 geffit
963 783 1120 827 Vicarius
1145 780 1329 824 ,Generalis
1342 808 1352 824 ⁹
1374 782 1405 816 ὅ(
1418 785 1561 818 manda-

108 828 167 860 vit
181 827 307 868 elifium
329 827 527 861 mandatum
543 833 704 864 'Procurae
718 832 761 864 acl
781 832 1044 868 contrahendum
1070 834 1190 868 valere
1214 833 1318 866 etiam
1337 832 1381 863 ad
1394 832 1562 875 deponen—

106 874 183 906 dum
197 869 393 917 sirpersttztu
407 871 519 908 libero
537 875 721 923 Philippi.
744 878 914 923 Superatis
930 878 1035 924 igitur
1051 879 1120 914 astu
1133 907 1144 921 ,
1168 877 1200 912 &
1214 875 1405 911 calliditate
1418 876 1533 919 Riccii
1550 902 1561 916 2

104 919 263 961 omnibus
273 917 531 963 difficultatibus
545 923 807 960 matrimonium
820 950 832 965 ,
863 926 975 960 invita
991 926 1069 961 licet
1082 952 1092 967 ‚
1114 927 1145 962 &
1163 932 1374 970 repugnante
1399 925 1532 969 Angeia
1548 949 1559 968 ρ

103 965 314 1000 contractum
328 964 418 1006 fuit,
447 967 590 1003 Nuncio
606 969 736 1007 Misura
751 972 891 1018 figuram
917 971 1118 1018 substinente
1143 971 1380 1017 Procuratoris
1403 971 1558 1018 Philippi

104 1011 286 1057 Giordano
299 1038 310 1052 ‚
335 1012 453 1064 quide
463 1014 514 1049 his
525 1017 683 1053 omnibus
694 1019 780 1055 nihil
790 1022 971 1062 audiverat
984 1049 991 1058 .
1404 1064 1412 1069 ,
1526 1025 1528 1027 ’

57 1059 242 1096 Comi-acto
255 1068 498 1100 matrimonio,
524 1063 557 1098 in
571 1074 669 1109 portu
697 1066 862 1112 navigare
883 1070 1050 1113 putabant
1069 1070 1206 1105 Beatrix
1221 1093 1230 1106 ,
1258 1067 1288 1101 &
1310 1064 1451 1100 Riccms
1465 1091 1475 1104 ,
1501 1065 1558 1109 sed

102 1118 195 1150 nova
209 1115 344 1152 repente
358 1108 533 1154 tempestas
546 1121 659 1147 exorta
673 1114 718 1148 est
733 1142 739 1149 .
770 1115 924 1150 Castrum
938 1117 1048 1152 Maris
1065 1117 1218 1163 perdufita
1233 1112 1297 1148 fuit
1310 1124 1399 1147 nova
1421 1124 1525 1158 nupta
1538 1124 1558 1155 ὃ

101 1162 232 1194 matre,
252 1165 324 1201 quae
342 1165 419 1189 eam
432 1156 574 1203 reliquit
588 1161 681 1196 domi
702 1162 1068 1209 JosephiScotognello
1082 1192 1090 1203 ‚
1118 1165 1148 1199 &
1173 1163 1273 1199 illico
1296 1159 1480 1204 Neapolim
1503 1172 1558 1195 re-

101 1201 196 1237 versa
208 1201 276 1245 est.
303 1201 452 1238 Accitus
471 1204 653 1253 Philippus
677 1208 852 1245 Giordano
867 1237 877 1248 ‚
901 1212 959 1246 ubi
973 1212 1016 1247 ab
1041 1206 1176 1259 Angeia
1204 1207 1558 1249 audivitcontraCtum

99 1246 198 1291 fuisse
215 1248 305 1284 inter
326 1260 386 1285 eos
398 1250 682 1296 matrimonium,
711 1256 863 1303 viditque
888 1258 1031 1294 Parochi
1055 1254 1331 1296 testificationem
1349 1280 1358 1293 2
1381 1255 1431 1289 ira
1455 1266 1557 1290 exat-

99 1294 142 1330 fit
155 1319 167 1334 ,
191 1295 399 1336 maledictis,
427 1299 630 1347 probrisque
644 1327 654 1341 ‚
688 1315 726 1338 ac
737 1306 958 1342 contumeliis
971 1319 1045 1342 eam
1059 1307 1171 1343 affecit
1186 1334 1196 1348 ,
1221 1306 1254 1340 8<
1279 1304 1372 1349 plura
1387 1310 1458 1336 tum
1476 1304 1557 1346 Ari-

97 1342 185 1389 gelae
200 1351 271 1378 tum
285 1343 435 1391 Josepho
451 1346 599 1389 minatus
619 1357 710 1392 terga
726 1352 767 1386 iis
781 1352 886 1388 vertit
902 1380 912 1394 ,
937 1355 967 1389 δι
982 1354 1096 1390 delusa
1112 1354 1250 1390 foemina
1265 1378 1275 1391 ‚
1294 1350 1406 1386 tridUO
1421 1348 1490 1395 1³0st
1502 1361 1558 1384 ΕΘ·

97 1390 184 1425 mite
199 1390 323 1425 eodem
338 1390 505 1438 josepho,
531 1395 679 1441 Neapoli
698 1398 839 1446 regressa
852 1400 898 1436 est
913 1429 920 1437 .
947 1402 1026 1437 Sine
1051 1413 1138 1436 mora
1157 1399 1341 1445 Philippus
1367 1396 1557 1446 Neapolim

98 1437 214 1478 venit,
237 1439 272 1473 8<
287 1448 322 1472 re
337 1439 450 1475 delata
463 1443 501 1476 ad
516 1441 642 1488 Regios
655 1446 786 1486 Judices
799 1473 810 1487 ,
833 1447 970 1494 Angeia
982 1460 1099 1484 eorum
1113 1447 1199 1491 jussu
1212 1449 1244 1482 in
1261 1443 1473 1480 Monasterio
1487 1444 1559 1496 col·

98 1486 212 1526 locata
226 1484 293 1520 fuit
307 1510 317 1525 ‚
342 1487 545 1532 cognitione
560 1494 599 1525 de
623 1493 806 1530 validitate
820 1521 829 1534 ,
852 1497 907 1530 vel
927 1496 1091 1531 nullitate
1112 1494 1322 1531 matrimonii
1338 1492 1382 1526 ad
1410 1491 1559 1542 Archi:-

96 1529 305 1579 piscopalem
317 1531 463 1577 Curiam
477 1534 592 1572 delata
610 1563 622 1575 .
649 1541 770 1577 Auditi
786 1541 925 1578 fuerunt
940 1538 1148 1586 judicialiter
1161 1542 1261 1577 testes
1286 1539 1422 1586 plurimi
1436 1537 1560 1584 „loseph

96 1578 320 1630 Scotognello
333 1604 345 1618 ‚
365 1580 503 1627 ejusque
517 1595 607 1619 uxor
621 1587 776 1624 Antonia
789 1589 948 1626 Arduino
961 1617 972 1631 ,
995 1590 1159 1627 Tabellio
1171 1616 1181 1631 ,
1200 1588 1256 1636 qui
1272 1588 1466 1622 mandatum
1478 1585 1560 1637 Pro-

95 1637 186 1667 curae
199 1626 380 1677 scripserat
396 1651 407 1664 ,
436 1629 596 1666 Nuncius
611 1632 745 1669 Misura
759 1662 768 1675 ‚
791 1636 937 1682 aliique,
960 1638 1016 1683 qui
1032 1638 1153 1673 facium
1169 1664 1179 1677 ,
1201 1635 1252 1672 uti
1266 1642 1423 1669 evenerat
1437 1644 1455 1667 a
1470 1631 1559 1668 Ric-

95 1673 151 1708 cio
166 1699 175 1712 ,
199 1673 376 1725 Beatrice,
404 1675 434 1709 δι
452 1675 582 1712 Misura
599 1681 823 1721 audiverant,
848 1695 867 1718 e
886 1696 1030 1731 quorum
1059 1684 1154 1719 dictis
1178 1695 1218 1719 ea
1241 1682 1459 1726 excepimus,
1484 1691 1559 1725 quae

95 1719 193 1767 supra
211 1719 388 1764 dedimus,
415 1721 485 1767 ipsa
511 1725 668 1770 Angeia,
695 1728 777 1762 licet
791 1729 907 1772 primo
928 1733 1182 1766 matrimonium
1206 1731 1271 1766 rite
1296 1729 1451 1774 reeteque
1473 1738 1561 1778 con·-

93 1768 238 1803 traCtum
251 1793 261 1807 ,
289 1776 388 1813 atque
405 1770 510 1805 etiam
525 1772 759 1809 consumatum
774 1775 906 1811 dixisset
926 1805 935 1817 ‚
965 1778 1043 1813 inde
1057 1788 1168 1813 tamen
1186 1775 1403 1813 conscientiae
1419 1774 1562 1809 stimulis

95 1818 167 1850 aCta
185 1841 194 1854 ,
218 1816 417 1850 retraetavit
431 1829 504 1863 quae
518 1819 648 1854 dixerat
662 1845 672 1858 ‚
695 1822 728 1855 &
746 1834 816 1857 rem
831 1823 982 1859 narravit
998 1851 1007 1864 ‚
1031 1833 1069 1860 ut
1083 1837 1145 1860 nos
1160 1824 1336 1858 retulimus
1351 1849 1361 1861 ,
1391 1820 1452 1856 nist
1467 1821 1562 1867 quod

93 1862 220 1898 dixerit
235 1861 378 1897 noluisse
395 1862 591 1910 Philippum
606 1868 645 1900 ad
661 1868 796 1911 josephi
814 1869 951 1904 domum
966 1872 1126 1905 accedere
1143 1897 1153 1911 ,
1182 1882 1245 1915 qua
1262 1869 1295 1904 in
1313 1880 1348 1904 re
1371 1880 1448 1903 cum
1460 1877 1562 1903 caete-

93 1910 141 1945 ris
157 1909 294 1944 testibus
307 1921 377 1944 non
393 1912 580 1945 convenit:
601 1913 706 1948 etiam
730 1914 868 1959 Beatrix
882 1927 953 1952 rem
974 1918 1134 1963 pandidit
1152 1932 1159 1951 =
1186 1917 1329 1953 Riccius
1348 1915 1481 1950 auditus
1493 1926 1562 1949 non

93 1956 183 1996 fuit,
203 1956 258 1991 sed
278 1969 296 1991 e
312 1955 474 1999 Civitate
490 1957 635 1994 Terami
651 1959 927 1997 testificationem
943 1962 1033 1998 misit
1045 1991 1056 2004 ‚
1082 1976 1181 2011 quam
1195 1965 1236 1998 de
1251 1962 1333 1998 falso
1348 1963 1563 1998 convincunt

94 2004 196 2040 iimet
211 2031 221 2045 ‚
245 2015 328 2048 quos
343 2004 414 2051 ipse
426 2005 571 2041 advocat
586 2007 619 2040 in
634 2007 748 2043 testes.
769 2008 879 2045 Causa
895 2008 966 2055 post
983 2011 1100 2059 longas
1112 2022 1222 2048 moras
1238 2011 1274 2045 in
1289 2008 1478 2045 Tribunali
1495 2011 1563 2045 Ar-

93 2051 335 2098 chiepiscopali
347 2052 516 2099 proposita
529 2052 594 2088 fuit
605 2080 614 2094 ,
629 2054 660 2089 &
673 2054 810 2096 Judices
828 2057 879 2092 illi
894 2056 1101 2094 censuerunt
1112 2085 1124 2099 ,
1139 2061 1209 2095 lata
1225 2057 1393 2094 sententia
1407 2082 1431 2096 2,
1451 2057 1562 2102 quod,

95 2125 119 2140 ,‚
141 2108 273 2141 attenta
288 2098 468 2135 dubietate
485 2127 495 2140 ‚
511 2101 706 2136 consulatur
724 2102 823 2138 Sacra
837 2104 1071 2152 Congregatio
1089 2105 1246 2143 Concilii
1261 2132 1270 2145 ‚
1297 2105 1402 2139 etiam
1419 2115 1481 2149 pro
1502 2105 1563 2138 ob-

93 2171 117 2186 „
143 2145 316 2189 servantia
331 2145 602 2184 constitutionis
627 2150 823 2186 Sanctiffimi
853 2151 1004 2187 Domini
1023 2153 1124 2188 nostri
1141 2154 1239 2200 Papae
1256 2151 1428 2195 BenediCti
1457 2150 1561 2185 XlV.

91 2218 116 2234 ‚‚
141 2193 240 2230 editae
262 2205 300 2239 3.
321 2205 427 2228 nonas
458 2195 668 2231 Novembris
697 2206 796 2245 ¹741·
815 2225 838 2239 ‚‚
869 2199 971 2234 Nunc
998 2199 1104 2246 igitur
1127 2201 1241 2236 Causa
1270 2199 1478 2246 proponitur
1491 2224 1501 2237 2
1529 2199 1561 2232 &

91 2240 242 2288 disputat
256 2240 437 2288 Philippus
463 2242 598 2278 nullum
625 2243 722 2280 fuisse
738 2245 998 2285 matrimonium
1020 2259 1060 2282 eo
1075 2276 1085 2289 ‚
1109 2259 1208 2293 quem
1225 2246 1406 2283 retulimus
1419 2273 1430 2286 ,
1459 2246 1563 2280 modo

91 2289 302 2324 contraitum
315 2313 326 2334 2
354 2287 481 2325 defectu
497 2290 701 2331 consensus,·
732 2292 861 2328 fatetur
875 2292 942 2339 ipse
956 2293 1092 2340 quidem
1114 2295 1235 2331 folium
1252 2296 1365 2330 album
1378 2306 1394 2328 a
1419 2294 1451 2328 se
1466 2290 1561 2327 fuisse

91 2334 319 2382 subscriptum
331 2334 401 2376 astu
413 2361 424 2376 ,
447 2339 482 2379 ὅ(
498 2338 686 2374 calliditate
701 2338 864 2376 Beatricis
878 2366 888 2380 ,
921 2352 990 2376 non
1006 2351 1120 2378 tamen
1134 2369 1144 2382 ‚
1166 2353 1203 2378 ut
1221 2344 1254 2378 in
1271 2354 1315 2377 eo
1329 2349 1560 2390 apponeretur

92 2382 289 2424 mandatum
303 2384 459 2425 Procurae
473 2389 513 2421 ad
537 2387 814 2423 contrahendum
830 2388 1094 2431 matrimonium
1120 2402 1201 2426 cum
1225 2389 1364 2435 Angela
1383 2386 1534 2437 Arimoli
1550 2413 1560 2426 ‚

91 2428 149 2464 sed
166 2439 203 2466 ut
222 2430 424 2467 scriberetur
451 2433 620 2480 obligatio
634 2446 694 2480 pro
719 2434 856 2472 ducatis
869 2445 926 2480 50.
944 2447 1002 2481 pro
1024 2437 1183 2472 cautione
1195 2438 1267 2479 eius
1286 2461 1294 2474 ‚
1319 2436 1377 2481 qui
1404 2444 1561 2481 pecunias

91 2487 212 2514 mutuo
225 2477 304 2518 dare
321 2478 449 2515 vellet.
481 2480 578 2516 Plura
596 2481 671 2516 sunt
688 2507 698 2521 ,
721 2494 795 2528 quae
811 2483 873 2518 hac
887 2484 925 2518 de
942 2494 979 2519 re
999 2483 1034 2518 in
1045 2482 1172 2519 libello
1195 2492 1440 2532 proponuntur
1452 2510 1461 2522 ‚
1487 2492 1559 2527 quae

89 2527 205 2561 omnia
221 2525 362 2572 longum
376 2524 459 2576 esset
470 2530 632 2574 excipere
648 2529 682 2564 in
699 2528 786 2566 facto
801 2538 868 2565 tam
882 2532 990 2577 longo
1002 2554 1014 2566 .
1039 2532 1163 2579 Neque
1179 2535 1222 2567 ab
1236 2530 1392 2578 Angeia,
1418 2539 1525 2576 neque
1539 2538 1558 2569 a

92 2575 272 2618 Defensore
297 2578 514 2612 matrimonii
528 2576 661 2623 aliquid
677 2578 837 2613 haetenus
854 2577 1033 2615 habuimus
1047 2602 1058 2614 .
1083 2578 1240 2615 Dubium
1252 2577 1298 2614 est
1312 2601 1324 2613 .
1488 2608 1505 2624 .·.-

44 2621 106 2664 'An
119 2621 238 2663 constet
251 2623 290 2657 de
306 2622 470 2659 nullitate
485 2627 701 2661 matrimonii
723 2628 758 2662 in
774 2638 812 2661 ca
829 2639 849 2660 u
869 2633 946 2670 &sq

144 2713 267 2750 Dilata
280 2741 291 2756 ,
312 2718 345 2753 &
363 2717 486 2754 scribat
501 2717 672 2759 Defensor
685 2719 905 2757 Matriinonii
915 2743 924 2752 .

1372 2810 1507 2850 NAU-
